3175 5384
624 862 929 985 quibus
961 862 1190 976 Dog.
1236 863 1319 953 δι
1361 852 1673 977 Discip.
1713 854 2344 955 confirmantur.
2383 846 2582 967 ’τῖς
2693 856 2700 869 “
2819 790 2828 801 “

477 1034 833 1139 >sacramus
864 1091 885 1124 .
936 1052 1019 1115 ut
1082 1033 1396 1133 populos
1464 1034 1710 1111 vestrae
1767 1056 1956 1113 curae
2014 1030 2428 1112 commissos
2487 1034 2580 1113 ad

474 1142 634 1215 'tam
682 1156 1181 1231 opportunum
1244 1132 1553 1211 sanandis
1613 1133 2088 1211 vulneribus-2
2153 1138 2409 1230 quibus
2451 1157 2583 1233 per

487 1236 874 1315 humanam
930 1234 1405 1312 infirmitatem
1463 1232 1758 1331 quisque
1803 1235 2142 1310 sauciatur
2186 1280 2208 1315 ‚
2265 1233 2580 1312 sanctissi-

486 1343 586 1513 {ni
618 1335 884 1512 jejsugii¹
909 1330 2150 1509 remediumnalagtegegitdhibenduran
2177 1334 2583 1509 ‚⁶⁰2⁰“ffll‘

526 1457 1060 1522 es,euoac
1155 1457 1394 1509 aere
1513 1457 1560 1509 o
1731 1458 1824 1516 is.
1887 1457 2038 1509 rem
2239 1457 2389 1508 nn
2475 1458 2583 1511 ui-

493 1539 658 1613 dem
710 1539 1042 1631 exiguam
1068 1456 1250 1620 ,psed
1300 1533 1520 1630 longe
1555 1527 2024 1638 gravissimam
2069 1456 2581 1610 dffobserean-

494 1635 597 1712 do
626 1690 648 1722 ‚
690 1633 1236 1728 sustinendoque
1278 1633 1549 1731 jejunio
1595 1634 2039 1726 purificandis
2079 1635 2370 1717 animis,
2418 1655 2584 1709 cor-

494 1732 927 1833 potibusque
978 1734 1265 1810 salutari·
1340 1730 1421 1808 ln
1468 1731 1660 1825 spem
1697 1736 1907 1828 igitur
1945 1732 2104 1808 illos
2133 1735 2381 1831 erigite
2426 1755 2582 1810 coe·

470 1836 762 1912 lesbium
829 1836 1283 1927 praemiorum
1334 1886 1357 1918 ,
1429 1834 1685 1926 quibus
1735 1829 2168 1926 assequendis
2212 1855 2362 1908 non
2420 1833 2582 1909 sunt

492 1934 875 2029 condignae
946 1930 1283 2029 pastiones
1338 1928 1543 2027 hujus
1590 1938 1978 2026 temporis,
2033 1934 2184 2008 imo
2244 1932 2395 2009 leve
2427 1986 2447 2016 ,
2493 1954 2579 2009 ac

490 2051 1080 2109 momentaneum
1132 2048 1279 2109 non
1324 2030 1789 2108 tribulationis
1816 2087 1836 2117 ,
1883 2029 1997 2106 sed
2040 2032 2342 2109 modicae
2376 2032 2583 2108 absti-

490 2137 748 2209 nentiae
779 2132 1031 2208 nostrae
1062 2130 1611 2207 incommodum
1639 2150 1983 2227 magnum
2012 2130 2258 2223 glotiae
2292 2135 2581 2229 pondus

492 2249 828 2328 operatur
875 2236 947 2306 in
998 2232 1223 2314 coelis.
1284 2234 1388 2306 Ab
1431 2232 1764 2306 omnibus
1806 2231 1873 2305 se
1908 2230 2294 2327 abstinent,
2348 2232 2471 2329 qui
2502 2234 2581 2309 in

489 2354 730 2429 agone
775 2333 1227 2407 contendunt
1264 2379 1283 2407 2
1335 2346 1415 2407 ut
1451 2331 1988 2424 corruptibilem
2023 2353 2371 2408 coronam
2399 2335 2584 2431 acci-

490 2437 738 2526 piant3
790 2430 1049 2523 pudeat
1098 2444 1241 2504 tarn
1302 2429 1616 2507 imbelles
1665 2454 1748 2506 ac
1796 2430 2136 2508 delicatos
2198 2429 2586 2508 christianae

478 2532 757 2609 'militiae
803 2530 1049 2605 milites
1091 2528 1512 2624 refugientes
1542 2553 1579 2606 a
1610 2529 1977 2606 consortio
2015 2532 2242 2608 crucis
2283 2530 2585 2620 Christi,

494 2636 618 2727 qui
658 2654 1003 2707 coronam
1047 2628 1359 2723 legitime
1396 2633 1826 2705 certantibus
1851 2628 2290 2726 propositam
2321 2630 2590 2726 sperare

487 2732 813 2908 Eraecipit
846 2734 1380 2827 incorruptam,
1422 2727 1508 2802 ad
1551 2732 1756 2822 cnjus
1776 2730 2156 2825 auspicium
2181 2782 2200 2815 .,
2226 2731 2299 2806 &
2330 2736 2591 2825 pignus

517 2828 1060 2907 'raternitatibus
1104 2829 1337 2903 vestris
1363 2827 1840 2921 Apostolicam
1885 2828 2448 2910 benedifflonem
2489 2830 2596 2907 iis.

488 2932 659 3007 dem
715 2934 925 3006 etiam
1000 2930 1283 3025 populis
1368 2927 1616 3003 nostro
1695 2933 1988 3004 nomine
2051 2932 2594 3028 impertiendam

488 3045 936 3128 peramanter
985 3028 1387 3125 elargimur.
1445 3024 1804 3105 Volumus
1869 3044 2257 3108 autem‚ut
2296 3030 2591 3122 praesen-

484 3135 668 3207 tium
715 3130 1199 3225 transumptis,
1250 3126 1389 3203 sive
1427 3127 1772 3223 exemplis
1812 3131 2018 3204 etiam
2066 3132 2162 3204 im
2219 3126 2400 3205 rems
2437 3144 2585 3205 ma.

491 3251 589 3304 nu
618 3227 907 3323 alicujus
955 3228 1227 3305 Notarii
1270 3226 1530 3321 publici
1560 3227 1996 3321 subscriptis,
2042 3228 2115 3304 dr.
2162 3150 2389 3325 Egilio
2420 3252 2584 3327 per-

494 3327 683 3404 sonae
718 3331 786 3403 in
834 3329 1176 3425 dignitate
1217 3324 1663 3404 ecclesiastica
1699 3328 2099 3405 constitutae
2137 3330 2423 3405 munitis
2469 3352 2584 3405 ea.

490 3415 968 3525 dem'prorsus
1017 3431 1280 3526 ubique
1315 3426 1484 3502 sides
1525 3424 1983 3515 adhibeatur,
2033 3452 2194 3525 quae
2239 3427 2591 3521 prael'enti-

488 3530 623 3605 bus
674 3528 1121 3606 adhiberetur
1164 3584 1183 3612 .
1252 3520 1680 3604 &⁰adliibeti
1716 3526 1945 3628 posset
1970 3576 1992 3613 ‚
2033 3527 2080 3604 si
2121 3530 2355 3606 forent
2389 3532 2592 3605 exbfa

484 3630 695 3715 bitae,
743 3629 850 3706 vel
910 3628 1217 3712 ostensae.
2113 3650 2120 3657 ·

594 3726 863 3807 Datum
928 3728 1182 3807 Romae
1233 3725 1423 3827 apud
1496 3726 1792 3805 santiam
1875 3726 2174 3807 Mariam
2237 3728 2588 3823 majorem

488 3825 618 3904 sub
670 3829 959 3905 Annulo
1014 3827 1381 3904 Pil'catoris
1429 3827 1539 3903 die
1585 3842 1697 3900 22.
1749 3830 1999 3905 mensis
2049 3826 2339 3924 Augusti
2377 3842 2593 3919 1741·

489 3922 954 4005 Pontificatus
1000 3928 1222 4004 nostri
1272 3931 1488 4005 Anno
1523 3924 1859 4004 secundo.

1491 4024 1585 4107 D.
1637 4028 2026 4107 cardinalis
2075 4022 2494 4107 Pasfioneus.

998 4148 1572 4235 CONSTIT
1613 4150 2093 4235 OTIO-v.
2205 4226 2210 4237 .

550 4270 739 4396 Qa
763 4270 929 4364 duae
938 4281 1380 4395 superiore!
1407 4264 1988 4384 Constitutiones
2013 4272 2540 4369 declarantur·

758 4415 1583 4500 BENEDICTUS
1668 4412 1986 4501 PAPA
2084 4416 2406 4519 XIV„

602 4540 1060 4624 Venerabiles
1116 4541 1427 4636 Fratres,
1472 4542 1784 4623 Salutem
1808 4595 1831 4628 2
1877 4540 1958 4625 ἀ
2005 4546 2498 4650 apostolicam

1262 4642 1866 4724 Benedistionem.

493 4740 637 4903 L
664 4740 1078 4822 ibentiffime
1125 4745 1417 4841 quidem
1463 4746 1997 4842 ampledimun
2043 4766 2206 4843 quaa
2245 4748 2452 4839 nobi-s
2493 4740 2645 4823 of·-

690 4842 1051 4933 feruntur,
1082 4842 1487 4925 occasiones
1542 4844 1631 4921 ad
1664 4846 1929 4926 vestros
1967 4849 2246 4927 animos
2287 4849 2605 4925 excitan-

608 4944 798 5018 Tom.
845 4946 941 5019 X.
1528 4942 1606 5023 N
1648 4968 1703 5025 n
2314 4948 2500 5036 dus,
