3175 5384
326 703 477 825 quibus
497 697 612 816 Dng.
629 699 838 820 &Discip
854 701 1168 800 confirmantur}
1224 698 1310 810 '431'

271 878 403 961 novos
416 875 513 962 illua,
529 872 766 974 superbosque
787 873 933 953 humani
949 881 1082 976 ingenii
1107 883 1226 972 partus
1251 891 1316 945 ex·
1502 968 1505 975 Ι

270 981 454 1159 sslolerunt
464 974 667 1054 Duriores,
688 973 893 1072 fidelesque,
908 993 1094 1076 quotquot
1115 970 1312 1051 sannorum
1401 1052 1404 1058 ,

302 1096 445 1160 atrum,
468 1078 506 1151 lla
528 1071 687 1151 Eccleliae
722 1096 877 1152 rontanac
898 1077 1066 1155 dourtnae
1094 1067 1277 1151 studiolius
1298 1111 1314 1152 ‚

272 1202 316 1258 ac
349 1179 506 1255 tenacius
532 1173 760 1273 inlaaetabant.
797 1170 952 1269 Jnannes
983 1176 1140 1254 Mariana
1165 1167 1313 1248 Molinae

239 1281 355 1356 ‘licet
374 1274 522 1355 sodalis,
552 1273 780 1368 periculolittn
809 1297 934 1353 eorum
957 1278 1181 1371 pertinaciam
1212 1265 1314 1361 luge·

271 1379 356 1463 bat,
380 1378 441 1469 qui
464 1372 649 1452 societatis
665 1373 842 1450 honorem
859 1377 894 1450 in
916 1378 990 1473 ejus
1007 1375 1164 1451 doctrina
1181 1365 1315 1446 tuenda

272 1475 428 1577 politum
447 1473 703 1551 existimabant·
729 1471 804 1569 lpse
818 1476 963 1553 demum
980 1473 1110 1555 Lefftus
1124 1473 1222 1548 ratiis
1239 1481 1315 1577 tur.
1397 1562 1406 1577 ·

273 1579 412 1655 binibua
434 1577 480 1651 ab
503 1573 656 1651 humana
678 1576 814 1648 ratione
840 1574 1004 1653 suscitatis
1035 1562 1315 1671 agitatua,n1hil

274 1699 322 1754 ex
346 1674 419 1751 lanc
439 1694 539 1749 novo
565 1676 713 1748 intentu
734 1668 844 1753 solatii
869 1679 1073 1770 reportavit.

322 1771 475 1853 Humilis
499 1770 757 1868 Scripturatum
778 1773 986 1863 meditatio,
1008 1771 1226 1854 Traditionis
1247 1770 1316 1848 liu·

273 1873 373 1952 diurn
387 1919 400 1955 ‚
415 1873 637 1949 conicientiae
657 1874 807 1966 puritas,
824 1873 900 1968 plus
915 1877 1018 1954 nobit
1034 1875 1121 1951 lucia
1145 1869 1315 1955 afferent,

273 1997 382 2071 quarn
401 1976 582 2052 rationum
605 1987 879 2070 quantacunque
900 1973 1085 2059 subtilitas,
1098 1971 1316 2068 superbaque

273 2073 438 2152 humana
460 2071 589 2148 mentia
616 2072 732 2147 elatio·
770 2077 823 2148 ilc
844 2073 951 2169 reipsa
977 2073 1122 2170 quidem
1149 2073 1317 2167 probabi·

273 2179 340 2259 tis,
367 2172 626 2268 nugullinianae
652 2171 698 2245 de
720 2172 1020 2264 praedestinatione
1049 2171 1215 2248 dollrinae
1243 2171 1317 2246 stn-

274 2271 444 2352 diollntts
477 2268 682 2366 religiufiori
721 2275 812 2367 grati
835 2275 939 2351 animi
966 2271 1212 2370 significationi
1245 2268 1317 2346 Del

275 2372 371 2455 duna
384 2373 569 2468 excipere.
588 2368 778 2466 iisdemque
801 2377 1007 2450 accuratiori
1020 2372 1089 2448 lide
1107 2413 1118 2449 a
1135 2392 1176 2446 ac
1189 2369 1317 2461 majori

301 2475 404 2549 ieaate
425 2471 660 2565 retpondete3
682 2490 765 2547 cnm
792 2472 847 2548 alii
870 2495 916 2548 ex
934 2471 1127 2569 opposito,
1151 2472 1212 2563 qui
1239 2493 1319 2546 coe·

274 2495 393 2649 finem
416 2570 511 2647 illam
535 2570 730 2644 dotirinant
748 2571 931 2665 rejiciunt.
956 2571 1050 2670 quali
1071 2573 1208 2646 animoa
1225 2567 1319 2644 fran-

274 2689 395 2768 geret,
407 2693 450 2746 ac
467 2668 666 2783 loantpiam
678 2668 804 2755 aleret.
820 2694 927 2769 graue
941 2671 1134 2768 periculunt
1152 2669 1317 2754 subeant,

276 2794 322 2848 ne
343 2769 404 2868 ipfi
425 2772 541 2848 minus
565 2767 742 2862 vigilent.
770 2774 886 2849 minua
911 2771 1091 2863 ferveant;
1116 2772 1190 2846 imo
1229 2788 1317 2845 veru

275 2878 386 2966 magia
403 2872 530 2967 ingrati
551 2865 644 2944 fiat,
665 2870 775 2965 magis
797 2870 945 2968 superbi.

327 2971 396 3046 ped
416 2971 453 3045 ἃ
477 2970 513 3044 id
533 2969 650 3045 obiter
666 2969 944 3055 oblectandum,
965 2966 1122 3047 tumidus
1144 2964 1221 3043 illos
1240 2962 1320 3043 lub-

276 3068 421 3148 liuriotis
442 3069 513 3160 (ut
538 3065 657 3141 habeti
679 3069 824 3166 quidem
855 3067 1009 3163 volunt)
1036 3069 1167 3166 ingenii
1197 3066 1319 3149 vitos.

277 3171 344 3266 qui
359 3167 406 3243 de
427 3166 738 3264 praedellinatiouis
764 3170 937 3271 raynerio
960 3193 1028 3266 pro
1048 3171 1192 3247 arbitrio
1217 3162 1320 3241 dille·

277 3282 384 3355 runt.
403 3285 444 3344 ut
462 3267 624 3343 licentius
643 3270 787 3347 uiuant,
808 3296 849 3347 ac
869 3270 967 3347 molli
995 3269 1174 3349 securitate
1195 3280 1320 3360 torpa·

238 3413 240 3416 ·
277 3366 395 3460 scant3
420 3372 468 3470 ita
494 3367 668 3448 duntaxat
700 3370 867 3446 lubtilitet
896 3373 1049 3466 argutari
1083 3367 1203 3444 lolitua
1227 3361 1317 3452 erle.

278 3469 407 3549 rabide
433 3467 489 3544 lua
515 3465 670 3564 ipsorum
697 3469 985 3550 sanationum,
1007 3470 1042 3545 δι
1065 3469 1170 3544 lalute
1191 3471 1320 3565 agitur.

277 3567 320 3649 ln
352 3568 424 3649 aliis
445 3571 580 3664 quippe
605 3570 784 3664 negotiis,
811 3574 871 3648 ubi
891 3573 971 3658 lna.
992 3571 1045 3645 vrl
1070 3572 1215 3645 minima
1242 3589 1320 3642 ver·

277 3681 401 3743 tantur
425 3665 641 3751 cunintona,
658 3690 769 3745 omne
791 3672 827 3747 in
846 3674 949 3750 rebus
976 3670 1041 3749 luis
1063 3666 1319 3767 promovendit

279 3764 431 3843 studium
452 3780 594 3861 ponunt
606 3788 619 3848 ι
631 3789 697 3843 nee
716 3770 832 3847 modo
857 3771 1147 3850 catecuminus,
1169 3766 1224 3841 led
1241 3766 1319 3862 plut
1410 3786 1412 3790 ·

279 3867 384 3939 etiam
409 3863 626 3961 quandoque
647 3868 753 3944 vividi
770 3894 912 3957 ‚acrea,
929 3873 966 3948 δι
991 3867 1209 3965 carpetram,
1233 3867 1320 3940 tutia

279 3964 411 4040 viribus
431 3964 648 4053 adnituntur.
676 3965 774 4044 ltane
803 3994 888 4047 aero
904 3971 997 4069 fugit
1020 3993 1082 4044 eoa
1104 3972 1122 4063 (
1146 3966 1205 4040 nili
1230 3966 1323 4044 forte

279 4083 427 4140 omnem
446 4063 646 4158 religionis,
664 4091 706 4144 ac
730 4067 812 4147 retii
836 4072 955 4164 judicii
969 4068 1099 4146 sensum
1125 4065 1321 4146 exuerint)

278 4159 402 4245 Deuna
427 4180 595 4241 eventura
626 4189 776 4260 quaeque
802 4188 903 4247 certo
942 4162 1180 4266 ptaenotiffe.
1215 4185 1323 4260 atqua

279 4279 413 4342 aeterrto
432 4263 581 4341 conlilio
607 4265 782 4345 statuillel
809 4268 911 4364 Quid
935 4292 1023 4363 ergo
1047 4291 1115 4344 una
1140 4264 1218 4340 illoc
1246 4265 1325 4338 loll·
1499 4319 1511 4329 -.

280 4367 367 4439 citat
383 4369 507 4440 anitnae
529 4363 643 4451 lalus,
671 4371 730 4441 ubi
751 4366 796 4442 dc
819 4386 946 4444 aterna
970 4367 1159 4449 felicitate,
1183 4366 1236 4438 vel
1260 4365 1327 4437 rnl·
1471 4372 1474 4391 ²

230 4478 232 4486 ’
279 4461 662 4558 leriaagtturlNaetlli
684 4465 787 4542 seculi
812 4468 895 4553 filit·
920 4472 956 4542 in
977 4466 1099 4550 linxit.
1123 4466 1159 4539 δι
1185 4466 1327 4539 caduci·
1418 4496 1421 4501 ·
1509 4480 1516 4511 2'

277 4562 443 4639 l'ctlantlis
469 4567 685 4657 prudenter,
702 4589 744 4673 ac
773 4569 853 4664 iplia
880 4567 1098 4662 quandoque
1128 4562 1204 4643 liliis
1242 4566 1328 4640 lucit

281 4663 549 4759 prudentiores!
660 4686 662 4691 ·
1132 4702 1134 4707 ·

722 4759 844 4853 Ee3
1208 4756 1268 4834 Ne
