3175 5384
482 854 785 971 quibus
816 854 1041 966 Dog.
1077 854 1158 943 Gr.
1200 847 1503 968 Discip.
1539 849 2170 952 confirmantun'
2243 870 2428 974 5587

303 1027 643 1108 habentes
671 1022 895 1103 Miffae
932 1024 1365 1103 Sacrificium
1396 1049 1532 1122 pro
1579 1026 1857 1121 populo
1884 1024 2007 1103 sibi
2034 1027 2417 1109 commisso

299 1131 654 1226 applicare
690 1127 944 1202 debere
966 1179 987 1213 ‚
1019 1147 1167 1201 non
1196 1128 1363 1201 ideo
1389 1124 1685 1202 statuere
1711 1126 2043 1203 volumus
2064 1182 2083 1212 ,
2126 1128 2413 1223 eosdem

295 1249 419 1307 aut
467 1230 792 1326 quotidie
831 1280 853 1311 ,
906 1243 1029 1302 aut
1082 1225 1647 1325 quotiescunque
1712 1225 2218 1302 celebraverint
2257 1275 2279 1308 ‚
2318 1228 2410 1317 ad

300 1329 706 1429 praedittam
738 1325 1285 1419 applicationem
1323 1349 1457 1420 pro
1507 1325 1783 1422 populo
1813 1328 2058 1402 teneri.
2114 1323 2203 1402 Et
2249 1332 2413 1425 qui·

297 1432 464 1504 dem
499 1424 917 1503 sacrosanfita
955 1425 1291 1522 synodus
1338 1419 1504 1500 Seff-
1550 1443 1669 1512 23.
1729 1448 1885 1524 cap.
1937 1444 2056 1519 24.
2091 1429 2411 1521 praecipit
2481 1423 2488 1437 ”

293 1526 655 1625 Episcopis
674 1548 913 1601 curare
937 1568 958 1603 ‚
983 1541 1062 1601 ut
1112 1524 1524 1601 Sacerdotes
1543 1525 1781 1602 saltem
1803 1527 2047 1602 diebus
2071 1528 2411 1607 Domini-

297 1635 397 1707 cis
420 1682 441 1714 ,
466 1629 538 1703 δι
567 1623 776 1703 Festis
797 1622 1221 1701 solemnibus
1248 1621 1610 1701 Missarum
1638 1625 1820 1701 sacra
1845 1625 2100 1702 saciant
2128 1650 2146 1698 ε
2174 1627 2251 1695 Si
2284 1651 2404 1696 au.
2479 1664 2483 1671 -

300 1749 433 1802 tem
480 1749 701 1797 curam
743 1725 786 1795 h
806 1723 1092 1795 thuerim
1126 1727 1488 1795 animarum
1508 1772 1528 1804 ,
1552 1746 1690 1795 tam
1719 1720 2106 1820 frequenter
2127 1768 2151 1803 ‚
2181 1742 2256 1795 ut
2277 1727 2401 1812 suo

299 1828 553 1901 muneri
580 1820 1045 1913 satisfaciant,
1096 1819 1320 1913 Miffar
1371 1820 1713 1895 celebrem.
1768 1822 1852 1902 In
1905 1826 2218 1920 pluribus
2276 1850 2401 1909 auq

302 1949 449 2007 tem
484 1924 931 2025 synodalibus
982 1921 1493 2019 Episcoporum
1522 1923 2169 2004 Constitutionibus
2193 1930 2404 2003 novi.

299 2053 459 2104 mus
498 2024 796 2124 provide
822 2024 1247 2101 constitutos
1271 2078 1291 2110 .
1322 2046 1405 2099 ac
1427 2023 1826 2117 designatos
1851 2022 1984 2101 effe
2011 2024 2157 2100 dies
2182 2073 2204 2106 ‚
2241 2029 2406 2122 qui«.

170 2144 175 2151 '
300 2132 431 2206 bus
467 2129 863 2202 animarum
931 2123 1240 2200 Pastores
1304 2122 1539 2200 Missas
1578 2125 1926 2201 celebrare
1964 2125 2245 2203 debent.
2307 2131 2402 2204 At

302 2247 478 2305 vero
506 2249 641 2302 nos
688 2222 760 2300 id
796 2246 1017 2301 unum
1055 2227 1128 2299 in
1176 2225 1489 2317 praesenti
1542 2220 1964 2321 suscepimus
2018 2224 2404 2301 decernen-

302 2328 479 2405 dum
519 2379 541 2410 ,
574 2323 863 2422 quando
895 2325 1225 2399 nimirum
1248 2323 1461 2399 iidem
1508 2348 1642 2417 pro
1679 2323 1957 2420 populo
1989 2325 2338 2401 celebrare
2370 2380 2400 2413 .

304 2428 379 2502 δι
422 2425 768 2522 applicare
810 2441 1235 2515 teneantur3
1286 2424 1359 2499 δι
1406 2427 1727 2520 quamvis
1780 2443 2233 2518 compertum
2280 2426 2402 2504 ha·

302 2529 592 2603 beamus
620 2523 690 2599 id
727 2572 745 2605 ‚
789 2523 990 2621 quod
1055 2523 1279 2597 aliasa
1313 2522 1899 2619 congregatione
1949 2521 2252 2600 Concilii
2295 2550 2407 2605 re·.

300 2626 637 2720 sponsum
678 2623 809 2699 fuit
883 2620 1281 2699 Parochum
1323 2646 1581 2716 nempe
1604 2627 1984 2719 pinguibus
2021 2623 2408 2705 redditibus

302 2729 634 2802 dotatum
661 2720 983 2819 quotidie
1020 2745 1153 2807 pro
1193 2724 1470 2819 populo
1508 2724 1855 2799 celebrare
1879 2764 1902 2802 ³
1955 2724 2028 2798 δι
2063 2726 2418 2825 applicat·

304 2826 561 2901 debere
589 2843 615 2914 ;
644 2848 808 2899 eum
835 2844 1002 2898 vero
1028 2879 1047 2901 ,
1075 2824 1193 2916 qui
1226 2825 1666 2900 uberioribus
1694 2822 2098 2917 hujusmodi
2131 2825 2419 2899 redditi-

308 2928 441 3001 bus
466 2947 615 3000 non
647 2923 992 3016 gaudeat,
1019 2920 1269 2997 festivis
1298 2938 1574 2999 tantum
1618 2925 1862 2999 diebus
1888 2923 1956 2999 id
1992 2922 2215 3004 insum
2248 2948 2424 3018 pra.

307 3025 482 3103 stare
526 3025 795 3109 teneri;
835 3044 1000 3097 cum
1046 3037 1283 3096 tamen
1328 3024 1580 3115 pariter
1626 3026 1832 3100 nobis
1877 3021 2243 3119 perspectae
2287 3022 2420 3103 sint

307 3139 467 3201 tum
497 3120 994 3198 controverfiae
1036 3121 1235 3216 super
1259 3120 1406 3197 hoc
1449 3123 1599 3213 ipso
1622 3139 1890 3197 exortae
1912 3177 1932 3205 ‚
1963 3127 2293 3201 nimirum
2326 3125 2420 3211 ad

305 3244 523 3321 quam
552 3221 893 3298 summam
930 3224 1330 3318 pertingere
1354 3221 1657 3297 debeant
1688 3220 2000 3298 Ecclefiae
2048 3222 2418 3319 parochia-

318 3323 403 3398 lis
445 3336 832 3418 proventus
856 3374 877 3405 .
900 3338 979 3398 ut
1016 3323 1314 3417 pingues
1339 3369 1362 3404 ‚
1397 3322 1465 3395 ἃ.
1496 3325 1742 3398 uberes
1760 3321 2088 3419 appellari
2112 3320 2418 3419 poffint3

311 3426 657 3518 quoniam
683 3423 977 3518 pingues
1008 3425 1299 3496 minime
1319 3423 1624 3496 habendi
1666 3421 1822 3503 sunt
1850 3421 2160 3499 redditus
2201 3428 2416 3511 etiam

310 3521 623 3617 copiosi,
656 3526 908 3616 quibus
934 3543 1171 3597 tamen
1207 3524 1652 3615 multiplicia,
1685 3525 1755 3597 δι
1781 3529 2016 3618 gravia
2042 3521 2171 3599 lint
2197 3546 2416 3599 onera

307 3644 632 3719 annexa3
692 3637 843 3698 tum
886 3624 1097 3698 etiam
1137 3621 1526 3699 multorum
1583 3625 1882 3718 querelae
1918 3623 2237 3699 adversus
2277 3623 2414 3709 hu!

308 3724 615 3818 jusmodi
650 3718 1040 3799 Decretum
1074 3772 1092 3799 .
1125 3738 1459 3817 tanquam
1491 3723 1646 3817 plus
1670 3746 1880 3816 aequo
1909 3724 2215 3815 rigidum
2239 3771 2259 3804 ‚
2281 3746 2412 3798 ex-

310 3827 578 3903 citatae‚
610 3827 813 3898 nobis
840 3819 1329 3912 innotescant;
1384 3824 1654 3898 idcirco
1689 3838 2188 3916 opportunum
2240 3845 2414 3895 cen.

311 3918 570 3999 suimus
590 3919 639 3995 F
643 3923 1155 3996 ratetnitatibus
1177 3920 1406 3996 vestris
1425 3922 2006 4000 declarare.nobis
2028 3921 2307 3995 abunde
2326 3919 2430 3995 sa-

313 4018 664 4095 tisfactum
699 4021 852 4093 sore
870 4072 890 4104 ,
944 4020 1281 4112 vobisque
1305 4020 1608 4113 proinde
1643 4020 1788 4093 satis
1813 4009 1948 4092 esse
1972 4016 2163 4111 posse
2180 4073 2200 4103 ,
2235 4019 2416 4099 dum

318 4120 556 4211 ii,qui
591 4122 980 4193 animarum
1044 4137 1283 4192 curam
1338 4134 1758 4202 excercent,
1794 4117 2225 4193 Sacrificium
2250 4117 2418 4195 Mis·

311 4218 397 4294 sae
454 4240 588 4312 pro
648 4214 924 4312 populo
982 4216 1385 4300 celebrent,
1434 4232 1650 4309 atque
1692 4217 2089 4312 applicent»
2132 4224 2202 4293 iu
2254 4218 2416 4296 Do-

316 4319 633 4404 miniciS,
686 4315 966 4412 aliisque
999 4338 1124 4409 per
1168 4337 1435 4392 annum
1474 4317 1720 4394 diebus
1753 4315 1960 4399 Festis
2012 4314 2103 4391 de
2150 4339 2413 4409 praece-

317 4434 495 4515 pto;
520 4439 687 4495 cum
711 4417 1011 4512 praedisti
1042 4415 1408 4494 Dominici
1432 4470 1452 4500 .
1484 4416 1740 4512 aliique
1765 4414 1939 4494 Festi
1969 4416 2112 4492 dies
2135 4420 2180 4495 ii
2213 4416 2346 4495 sint
2379 4462 2418 4497 0

317 4521 392 4594 in
416 4519 673 4613 quibus
690 4520 893 4613 juxta
930 4532 1364 4614 pracceptum
1389 4514 1624 4594 Couc·
1644 4516 1840 4594 Trid.
1862 4513 2022 4594 Sess.
2059 4537 2122 4608 ς.
2143 4535 2404 4613 capa.

316 4619 393 4694 δι
438 4612 576 4694 l‘essI
623 4636 742 4707 24.
801 4641 953 4713 cap.
994 4637 1066 4710 4.
1099 4616 1390 4715 quilibet
1426 4620 1818 4695 animarum
1844 4638 2032 4695 curae
2070 4618 2406 4713 praepost-

317 4731 437 4794 tus
493 4715 844 4814 populum
893 4717 1013 4792 libi
1064 4708 1514 4793 commissum
1566 4719 1968 4798 salutaribus
2005 4720 2231 4794 verbis
2280 4741 2406 4813 pa-

315 4818 504 4897 scere
551 4819 764 4894 debet
826 4814 1167 4898 docendo
1208 4838 1330 4903 ea,
1371 4840 1529 4914 quae
1570 4819 1742 4899 scite
1783 4817 2121 4905 omnibus
2175 4814 2410 4919 neces-

417 4915 608 5002 Tom,
657 4918 748 4994 X.
1232 4926 1241 4935 “
1317 4902 1373 4995 P
1426 4939 1477 5016 p
2065 4914 2317 4999 sarium
