<?xml version="1.0" encoding="UTF-8"?>
<!DOCTYPE html PUBLIC "-//W3C//DTD XHTML 1.0 Transitional//EN"
    "http://www.w3.org/TR/xhtml1/DTD/xhtml1-transitional.dtd">
<html xmlns="http://www.w3.org/1999/xhtml" xml:lang="en" lang="en">
 <head>
  <title>
</title>
<meta http-equiv="Content-Type" content="text/html;charset=utf-8" />
  <meta name='ocr-system' content='tesseract 3.04.00' />
  <meta name='ocr-capabilities' content='ocr_page ocr_carea ocr_par ocr_line ocrx_word'/>
</head>
<body>
  <div class='ocr_page' id='page_1' title='image "./theologiadogmat02alexgoog_0415.png"; bbox 0 0 3175 5384; ppageno 0'>
   <div class='ocr_carea' id='block_1_1' title="bbox 205 311 1178 437">
    <p class='ocr_par' dir='ltr' id='par_1_1' title="bbox 205 311 1178 437">
     <span class='ocr_line' id='line_1_1' title="bbox 205 311 1178 437; baseline 0.003 -29"><span class='ocrx_word' id='word_1_1' title='bbox 205 322 355 437; x_wconf 81' lang='lat' dir='ltr'>quibus</span> <span class='ocrx_word' id='word_1_2' title='bbox 377 321 489 432; x_wconf 86' lang='lat' dir='ltr'>Dog.</span> <span class='ocrx_word' id='word_1_3' title='bbox 513 324 554 409; x_wconf 73' lang='lat' dir='ltr'>de</span> <span class='ocrx_word' id='word_1_4' title='bbox 572 316 722 435; x_wconf 81' lang='lat' dir='ltr'>Discip.</span> <span class='ocrx_word' id='word_1_5' title='bbox 753 311 1064 419; x_wconf 81' lang='lat' dir='ltr'>confirmantur.</span> <span class='ocrx_word' id='word_1_6' title='bbox 1094 340 1178 429; x_wconf 79' lang='lat'>439</span> 
     </span>
    </p>
   </div>
   <div class='ocr_carea' id='block_1_2' title="bbox 128 490 1181 1384">
    <p class='ocr_par' dir='ltr' id='par_1_2' title="bbox 128 490 1181 1384">
     <span class='ocr_line' id='line_1_2' title="bbox 130 490 1181 590; baseline -0.002 -16"><span class='ocrx_word' id='word_1_7' title='bbox 130 494 424 579; x_wconf 80' lang='lat' dir='ltr'>constituantur,</span> <span class='ocrx_word' id='word_1_8' title='bbox 449 492 506 568; x_wconf 87' lang='lat' dir='ltr'>sed</span> <span class='ocrx_word' id='word_1_9' title='bbox 538 495 651 589; x_wconf 87' lang='lat' dir='ltr'>magis</span> <span class='ocrx_word' id='word_1_10' title='bbox 680 492 767 589; x_wconf 86' lang='lat' dir='ltr'>quid</span> <span class='ocrx_word' id='word_1_11' title='bbox 798 490 940 589; x_wconf 82' lang='lat' dir='ltr'>lingniis</span> <span class='ocrx_word' id='word_1_12' title='bbox 971 494 1181 590; x_wconf 84' lang='lat' dir='ltr'>permitten-</span> 
     </span>
     <span class='ocr_line' id='line_1_3' title="bbox 131 589 1177 690; baseline 0.002 -19"><span class='ocrx_word' id='word_1_13' title='bbox 131 596 245 672; x_wconf 68' lang='lat' dir='ltr'>dum,</span> <span class='ocrx_word' id='word_1_14' title='bbox 262 616 325 690; x_wconf 91' lang='lat' dir='ltr'>per</span> <span class='ocrx_word' id='word_1_15' title='bbox 344 593 396 679; x_wconf 84' lang='lat' dir='ltr'>se,</span> <span class='ocrx_word' id='word_1_16' title='bbox 410 609 472 670; x_wconf 89' lang='lat' dir='ltr'>aut</span> <span class='ocrx_word' id='word_1_17' title='bbox 493 615 555 687; x_wconf 88' lang='lat' dir='ltr'>per</span> <span class='ocrx_word' id='word_1_18' title='bbox 571 590 774 679; x_wconf 71' lang='lat' dir='ltr'>parochos,</span> <span class='ocrx_word' id='word_1_19' title='bbox 792 591 849 671; x_wconf 91' lang='lat' dir='ltr'>sen</span> <span class='ocrx_word' id='word_1_20' title='bbox 866 589 1101 671; x_wconf 72' lang='lat' dir='ltr'>enuntiatio·</span> <span class='ocrx_word' id='word_1_21' title='bbox 1112 591 1177 673; x_wconf 77' lang='lat' dir='ltr'>int</span> 
     </span>
     <span class='ocr_line' id='line_1_4' title="bbox 128 689 1180 787; baseline 0 -16"><span class='ocrx_word' id='word_1_22' title='bbox 128 692 394 772; x_wconf 86' lang='lat' dir='ltr'>decernendum</span> <span class='ocrx_word' id='word_1_23' title='bbox 430 708 542 784; x_wconf 84' lang='lat' dir='ltr'>putet.</span> <span class='ocrx_word' id='word_1_24' title='bbox 593 689 682 770; x_wconf 85' lang='lat' dir='ltr'>llsnd</span> <span class='ocrx_word' id='word_1_25' title='bbox 711 714 755 768; x_wconf 88' lang='lat' dir='ltr'>ne</span> <span class='ocrx_word' id='word_1_26' title='bbox 778 696 932 769; x_wconf 91' lang='lat' dir='ltr'>omnino</span> <span class='ocrx_word' id='word_1_27' title='bbox 968 690 1180 787; x_wconf 75' lang='lat' dir='ltr'>provideat.</span> 
     </span>
     <span class='ocr_line' id='line_1_5' title="bbox 132 714 1181 889; baseline 0.002 -20"><span class='ocrx_word' id='word_1_28' title='bbox 132 807 175 873; x_wconf 91' lang='lat' dir='ltr'>nt</span> <span class='ocrx_word' id='word_1_29' title='bbox 196 814 305 868; x_wconf 88' lang='lat' dir='ltr'>nemo</span> <span class='ocrx_word' id='word_1_30' title='bbox 325 791 455 869; x_wconf 87' lang='lat' dir='ltr'>asaoro</span> <span class='ocrx_word' id='word_1_31' title='bbox 468 790 669 876; x_wconf 73' lang='lat' dir='ltr'>Convicio,</span> <span class='ocrx_word' id='word_1_32' title='bbox 684 714 743 869; x_wconf 50' lang='grc' dir='ltr'>Ῥω</span> <span class='ocrx_word' id='word_1_33' title='bbox 757 790 958 888; x_wconf 80' lang='lat' dir='ltr'>frequentet</span> <span class='ocrx_word' id='word_1_34' title='bbox 976 845 988 878; x_wconf 84' lang='lat'><strong>.</strong></span> <span class='ocrx_word' id='word_1_35' title='bbox 1009 791 1067 870; x_wconf 92' lang='lat' dir='ltr'>sen</span> <span class='ocrx_word' id='word_1_36' title='bbox 1083 812 1181 889; x_wconf 83' lang='lat' dir='ltr'>qno·</span> 
     </span>
     <span class='ocr_line' id='line_1_6' title="bbox 131 886 1181 990; baseline -0.002 -20"><span class='ocrx_word' id='word_1_37' title='bbox 131 893 218 970; x_wconf 89' lang='lat' dir='ltr'>tidie</span> <span class='ocrx_word' id='word_1_38' title='bbox 239 886 432 974; x_wconf 81' lang='lat' dir='ltr'>accesserit.</span> <span class='ocrx_word' id='word_1_39' title='bbox 451 890 636 988; x_wconf 81' lang='lat' dir='ltr'>repellatur</span> <span class='ocrx_word' id='word_1_40' title='bbox 655 939 667 973; x_wconf 59' lang='lat' dir='ltr'>a</span> <span class='ocrx_word' id='word_1_41' title='bbox 689 892 727 967; x_wconf 75' lang='lat' dir='ltr'>aa</span> <span class='ocrx_word' id='word_1_42' title='bbox 750 890 980 970; x_wconf 73' lang='lat' dir='ltr'>nihilominus</span> <span class='ocrx_word' id='word_1_43' title='bbox 999 891 1062 969; x_wconf 89' lang='lat' dir='ltr'>det</span> <span class='ocrx_word' id='word_1_44' title='bbox 1090 904 1181 990; x_wconf 77' lang='lat' dir='ltr'>ope-</span> 
     </span>
     <span class='ocr_line' id='line_1_7' title="bbox 130 988 1179 1088; baseline -0.01 -19"><span class='ocrx_word' id='word_1_45' title='bbox 130 1007 282 1069; x_wconf 78' lang='lat' dir='ltr'>ramat</span> <span class='ocrx_word' id='word_1_46' title='bbox 299 988 535 1087; x_wconf 85' lang='lat' dir='ltr'>uuusquisque</span> <span class='ocrx_word' id='word_1_47' title='bbox 555 990 685 1087; x_wconf 84' lang='lat' dir='ltr'>digne,</span> <span class='ocrx_word' id='word_1_48' title='bbox 703 1013 771 1088; x_wconf 92' lang='lat' dir='ltr'>pru</span> <span class='ocrx_word' id='word_1_49' title='bbox 788 991 1013 1076; x_wconf 79' lang='lat' dir='ltr'>devotionis,</span> <span class='ocrx_word' id='word_1_50' title='bbox 1035 989 1072 1066; x_wconf 84' lang='lat' dir='ltr'>de</span> <span class='ocrx_word' id='word_1_51' title='bbox 1087 1008 1179 1084; x_wconf 78' lang='lat' dir='ltr'>prae.</span> 
     </span>
     <span class='ocr_line' id='line_1_8' title="bbox 133 1086 1181 1188; baseline 0 -22"><span class='ocrx_word' id='word_1_52' title='bbox 133 1091 323 1188; x_wconf 81' lang='lat' dir='ltr'>putationis</span> <span class='ocrx_word' id='word_1_53' title='bbox 348 1089 462 1165; x_wconf 88' lang='lat' dir='ltr'>modo</span> <span class='ocrx_word' id='word_1_54' title='bbox 475 1143 486 1177; x_wconf 89' lang='lat'><strong>,</strong></span> <span class='ocrx_word' id='word_1_55' title='bbox 498 1094 626 1175; x_wconf 83' lang='lat' dir='ltr'>rarius.</span> <span class='ocrx_word' id='word_1_56' title='bbox 641 1107 703 1165; x_wconf 88' lang='lat' dir='ltr'>aot</span> <span class='ocrx_word' id='word_1_57' title='bbox 714 1091 868 1170; x_wconf 79' lang='lat' dir='ltr'>crebrius</span> <span class='ocrx_word' id='word_1_58' title='bbox 885 1086 1072 1167; x_wconf 88' lang='lat' dir='ltr'>Dominici</span> <span class='ocrx_word' id='word_1_59' title='bbox 1085 1087 1181 1169; x_wconf 81' lang='lat' dir='ltr'>cor.</span> 
     </span>
     <span class='ocr_line' id='line_1_9' title="bbox 132 1188 1180 1287; baseline 0.002 -22"><span class='ocrx_word' id='word_1_60' title='bbox 132 1193 232 1284; x_wconf 83' lang='lat' dir='ltr'>potin</span> <span class='ocrx_word' id='word_1_61' title='bbox 253 1188 455 1267; x_wconf 77' lang='lat' dir='ltr'>suavitatem</span> <span class='ocrx_word' id='word_1_62' title='bbox 476 1189 650 1284; x_wconf 85' lang='lat' dir='ltr'>degustet.</span> <span class='ocrx_word' id='word_1_63' title='bbox 677 1188 805 1267; x_wconf 79' lang='lat' dir='ltr'>Itidem</span> <span class='ocrx_word' id='word_1_64' title='bbox 827 1189 1002 1268; x_wconf 81' lang='lat' dir='ltr'>Moniaiee</span> <span class='ocrx_word' id='word_1_65' title='bbox 1016 1188 1180 1287; x_wconf 84' lang='lat' dir='ltr'>quotidie</span> 
     </span>
     <span class='ocr_line' id='line_1_10' title="bbox 131 1287 1180 1384; baseline 0 -18"><span class='ocrx_word' id='word_1_66' title='bbox 131 1294 262 1367; x_wconf 85' lang='lat' dir='ltr'>i&#39;acram</span> <span class='ocrx_word' id='word_1_67' title='bbox 284 1287 591 1366; x_wconf 85' lang='lat' dir='ltr'>Communionem</span> <span class='ocrx_word' id='word_1_68' title='bbox 613 1304 772 1384; x_wconf 78' lang='lat' dir='ltr'>petentes</span> <span class='ocrx_word' id='word_1_69' title='bbox 795 1289 1032 1367; x_wconf 73' lang='lat' dir='ltr'>admonenda</span> <span class='ocrx_word' id='word_1_70' title='bbox 1052 1305 1180 1380; x_wconf 74' lang='lat' dir='ltr'>munt,</span> 
     </span>
    </p>
   </div>
   <div class='ocr_carea' id='block_1_3' title="bbox 131 1385 1290 1485">
    <p class='ocr_par' dir='ltr' id='par_1_3' title="bbox 131 1385 1290 1485">
     <span class='ocr_line' id='line_1_11' title="bbox 131 1385 1290 1485; baseline -0.005 -18"><span class='ocrx_word' id='word_1_71' title='bbox 131 1405 175 1467; x_wconf 89' lang='lat' dir='ltr'>nt</span> <span class='ocrx_word' id='word_1_72' title='bbox 189 1388 311 1465; x_wconf 83' lang='lat' dir='ltr'>diebus</span> <span class='ocrx_word' id='word_1_73' title='bbox 330 1410 375 1465; x_wconf 85' lang='lat' dir='ltr'>ex</span> <span class='ocrx_word' id='word_1_74' title='bbox 392 1410 511 1465; x_wconf 89' lang='lat' dir='ltr'>earum</span> <span class='ocrx_word' id='word_1_75' title='bbox 532 1385 678 1465; x_wconf 79' lang='lat' dir='ltr'>Ordinis</span> <span class='ocrx_word' id='word_1_76' title='bbox 687 1388 847 1469; x_wconf 77' lang='lat' dir='ltr'>instituto</span> <span class='ocrx_word' id='word_1_77' title='bbox 863 1388 1060 1485; x_wconf 80' lang='lat' dir='ltr'>prestitutis</span> <span class='ocrx_word' id='word_1_78' title='bbox 1075 1410 1181 1466; x_wconf 89' lang='lat' dir='ltr'>com·</span> <span class='ocrx_word' id='word_1_79' title='bbox 1278 1438 1290 1461; x_wconf 87' lang='lat'><strong>.</strong></span> 
     </span>
    </p>
   </div>
   <div class='ocr_carea' id='block_1_4' title="bbox 130 1486 1182 2481">
    <p class='ocr_par' dir='ltr' id='par_1_4' title="bbox 130 1486 1182 2481">
     <span class='ocr_line' id='line_1_12' title="bbox 133 1486 1180 1588; baseline 0.003 -24"><span class='ocrx_word' id='word_1_80' title='bbox 133 1491 331 1565; x_wconf 74' lang='lat' dir='ltr'>municente</span> <span class='ocrx_word' id='word_1_81' title='bbox 354 1486 390 1564; x_wconf 87' lang='lat' dir='ltr'>Si</span> <span class='ocrx_word' id='word_1_82' title='bbox 409 1509 489 1588; x_wconf 80' lang='lat' dir='ltr'>quae</span> <span class='ocrx_word' id='word_1_83' title='bbox 512 1511 599 1564; x_wconf 83' lang='lat' dir='ltr'>vern</span> <span class='ocrx_word' id='word_1_84' title='bbox 620 1491 771 1586; x_wconf 85' lang='lat' dir='ltr'>puritate</span> <span class='ocrx_word' id='word_1_85' title='bbox 790 1491 918 1567; x_wconf 85' lang='lat' dir='ltr'>mentis</span> <span class='ocrx_word' id='word_1_86' title='bbox 940 1491 1121 1576; x_wconf 77' lang='lat' dir='ltr'>eniteant,</span> <span class='ocrx_word' id='word_1_87' title='bbox 1140 1490 1180 1567; x_wconf 82' lang='lat' dir='ltr'>dc</span> 
     </span>
     <span class='ocr_line' id='line_1_13' title="bbox 131 1586 1179 1687; baseline 0.003 -23"><span class='ocrx_word' id='word_1_88' title='bbox 131 1587 274 1664; x_wconf 76' lang='lat' dir='ltr'>sertore</span> <span class='ocrx_word' id='word_1_89' title='bbox 297 1586 433 1683; x_wconf 81' lang='lat' dir='ltr'>spiritns</span> <span class='ocrx_word' id='word_1_90' title='bbox 466 1589 513 1664; x_wconf 87' lang='lat' dir='ltr'>ita</span> <span class='ocrx_word' id='word_1_91' title='bbox 538 1590 773 1673; x_wconf 84' lang='lat' dir='ltr'>incaluerint,</span> <span class='ocrx_word' id='word_1_92' title='bbox 804 1603 844 1666; x_wconf 93' lang='lat' dir='ltr'>nt</span> <span class='ocrx_word' id='word_1_93' title='bbox 866 1589 983 1685; x_wconf 78' lang='lat' dir='ltr'>dignu</span> <span class='ocrx_word' id='word_1_94' title='bbox 1013 1587 1179 1687; x_wconf 86' lang='lat' dir='ltr'>sreqnerr·</span> 
     </span>
     <span class='ocr_line' id='line_1_14' title="bbox 132 1684 1179 1784; baseline 0.001 -20"><span class='ocrx_word' id='word_1_95' title='bbox 132 1688 244 1769; x_wconf 80' lang='lat' dir='ltr'>timi,</span> <span class='ocrx_word' id='word_1_96' title='bbox 275 1700 337 1763; x_wconf 88' lang='lat' dir='ltr'>aut</span> <span class='ocrx_word' id='word_1_97' title='bbox 370 1688 575 1783; x_wconf 83' lang='lat' dir='ltr'>quotidiana</span> <span class='ocrx_word' id='word_1_98' title='bbox 602 1684 792 1763; x_wconf 71' lang='lat' dir='ltr'>sanctissimi</span> <span class='ocrx_word' id='word_1_99' title='bbox 820 1685 1037 1764; x_wconf 70' lang='lat' dir='ltr'>sacramenti</span> <span class='ocrx_word' id='word_1_100' title='bbox 1057 1709 1179 1784; x_wconf 84' lang='lat' dir='ltr'>perce·</span> 
     </span>
     <span class='ocr_line' id='line_1_15' title="bbox 133 1783 1181 1884; baseline 0.001 -20"><span class='ocrx_word' id='word_1_101' title='bbox 133 1788 259 1882; x_wconf 82' lang='lat' dir='ltr'>ptione</span> <span class='ocrx_word' id='word_1_102' title='bbox 278 1786 387 1861; x_wconf 86' lang='lat' dir='ltr'>videri</span> <span class='ocrx_word' id='word_1_103' title='bbox 410 1783 562 1884; x_wconf 76' lang='lat' dir='ltr'>possint,</span> <span class='ocrx_word' id='word_1_104' title='bbox 579 1785 615 1861; x_wconf 91' lang='lat' dir='ltr'>id</span> <span class='ocrx_word' id='word_1_105' title='bbox 637 1785 702 1862; x_wconf 83' lang='lat' dir='ltr'>iliis</span> <span class='ocrx_word' id='word_1_106' title='bbox 723 1809 743 1862; x_wconf 94' lang='lat' dir='ltr'>a</span> <span class='ocrx_word' id='word_1_107' title='bbox 764 1788 1010 1882; x_wconf 74' lang='lat' dir='ltr'>Superioribus</span> <span class='ocrx_word' id='word_1_108' title='bbox 1032 1789 1181 1883; x_wconf 77' lang='lat' dir='ltr'>perunt-</span> 
     </span>
     <span class='ocr_line' id='line_1_16' title="bbox 130 1882 1180 1979; baseline 0 -16"><span class='ocrx_word' id='word_1_109' title='bbox 130 1901 238 1963; x_wconf 88' lang='lat' dir='ltr'>tatur.</span> <span class='ocrx_word' id='word_1_110' title='bbox 264 1882 428 1963; x_wconf 81' lang='lat' dir='ltr'>Proderit</span> <span class='ocrx_word' id='word_1_111' title='bbox 451 1887 554 1962; x_wconf 89' lang='lat' dir='ltr'>etiam</span> <span class='ocrx_word' id='word_1_112' title='bbox 583 1902 707 1979; x_wconf 87' lang='lat' dir='ltr'>praeter</span> <span class='ocrx_word' id='word_1_113' title='bbox 731 1884 1056 1974; x_wconf 65' lang='lat' dir='ltr'>parochorum&amp;</span> <span class='ocrx_word' id='word_1_114' title='bbox 1078 1884 1180 1966; x_wconf 84' lang='lat' dir='ltr'>Con-</span> 
     </span>
     <span class='ocr_line' id='line_1_17' title="bbox 133 1983 1181 2083; baseline 0.004 -22"><span class='ocrx_word' id='word_1_115' title='bbox 133 1983 350 2061; x_wconf 84' lang='lat' dir='ltr'>sessuriornm</span> <span class='ocrx_word' id='word_1_116' title='bbox 372 1987 611 2082; x_wconf 82' lang='lat' dir='ltr'>diligentiam,</span> <span class='ocrx_word' id='word_1_117' title='bbox 627 2007 736 2082; x_wconf 87' lang='lat' dir='ltr'>opera</span> <span class='ocrx_word' id='word_1_118' title='bbox 756 2008 904 2083; x_wconf 87' lang='lat' dir='ltr'>quoqne</span> <span class='ocrx_word' id='word_1_119' title='bbox 933 1984 1181 2065; x_wconf 85' lang='lat' dir='ltr'>Concidnato·</span> 
     </span>
     <span class='ocr_line' id='line_1_18' title="bbox 133 2084 1179 2170; baseline 0.004 -10"><span class='ocrx_word' id='word_1_120' title='bbox 133 2107 215 2162; x_wconf 88' lang='lat' dir='ltr'>rum</span> <span class='ocrx_word' id='word_1_121' title='bbox 235 2086 287 2161; x_wconf 92' lang='lat' dir='ltr'>nti</span> <span class='ocrx_word' id='word_1_122' title='bbox 315 2084 387 2170; x_wconf 79' lang='lat' dir='ltr'>‚de</span> <span class='ocrx_word' id='word_1_123' title='bbox 411 2107 494 2162; x_wconf 81' lang='lat' dir='ltr'>cnm</span> <span class='ocrx_word' id='word_1_124' title='bbox 521 2089 570 2160; x_wconf 83' lang='lat' dir='ltr'>eie</span> <span class='ocrx_word' id='word_1_125' title='bbox 596 2085 830 2163; x_wconf 80' lang='lat' dir='ltr'>constitutum</span> <span class='ocrx_word' id='word_1_126' title='bbox 856 2085 1002 2164; x_wconf 79' lang='lat' dir='ltr'>haberi.</span> <span class='ocrx_word' id='word_1_127' title='bbox 1027 2100 1067 2163; x_wconf 93' lang='lat' dir='ltr'>ut</span> <span class='ocrx_word' id='word_1_128' title='bbox 1093 2106 1179 2164; x_wconf 86' lang='lat' dir='ltr'>cnm</span> 
     </span>
     <span class='ocr_line' id='line_1_19' title="bbox 133 2181 1182 2283; baseline 0.003 -22"><span class='ocrx_word' id='word_1_129' title='bbox 133 2183 252 2273; x_wconf 70' lang='lat' dir='ltr'>fideles</span> <span class='ocrx_word' id='word_1_130' title='bbox 276 2186 321 2259; x_wconf 87' lang='lat' dir='ltr'>ad</span> <span class='ocrx_word' id='word_1_131' title='bbox 342 2181 533 2260; x_wconf 78' lang='lat' dir='ltr'>santiiffini</span> <span class='ocrx_word' id='word_1_132' title='bbox 557 2184 771 2262; x_wconf 74' lang='lat' dir='ltr'>sacramenti</span> <span class='ocrx_word' id='word_1_133' title='bbox 795 2183 1026 2282; x_wconf 80' lang='lat' dir='ltr'>frequentiam</span> <span class='ocrx_word' id='word_1_134' title='bbox 1051 2184 1182 2283; x_wconf 87' lang='lat' dir='ltr'>(qnod</span> 
     </span>
     <span class='ocr_line' id='line_1_20' title="bbox 131 2278 1181 2383; baseline -0.001 -22"><span class='ocrx_word' id='word_1_135' title='bbox 131 2283 247 2361; x_wconf 82' lang='lat' dir='ltr'>secere</span> <span class='ocrx_word' id='word_1_136' title='bbox 264 2284 424 2369; x_wconf 84' lang='lat' dir='ltr'>debent)</span> <span class='ocrx_word' id='word_1_137' title='bbox 445 2280 670 2362; x_wconf 82' lang='lat' dir='ltr'>accenderint</span> <span class='ocrx_word' id='word_1_138' title='bbox 689 2337 701 2372; x_wconf 86' lang='lat'>‚</span> <span class='ocrx_word' id='word_1_139' title='bbox 724 2285 838 2362; x_wconf 84' lang='lat' dir='ltr'>statim</span> <span class='ocrx_word' id='word_1_140' title='bbox 865 2283 911 2361; x_wconf 87' lang='lat' dir='ltr'>de</span> <span class='ocrx_word' id='word_1_141' title='bbox 926 2306 1058 2383; x_wconf 83' lang='lat' dir='ltr'>magna-</span> <span class='ocrx_word' id='word_1_142' title='bbox 1074 2283 1119 2361; x_wconf 87' lang='lat' dir='ltr'>ad</span> <span class='ocrx_word' id='word_1_143' title='bbox 1138 2278 1181 2360; x_wconf 84' lang='lat' dir='ltr'>is·</span> 
     </span>
     <span class='ocr_line' id='line_1_21' title="bbox 134 2380 1182 2481; baseline 0.001 -21"><span class='ocrx_word' id='word_1_144' title='bbox 134 2382 197 2461; x_wconf 89' lang='lat' dir='ltr'>lnd</span> <span class='ocrx_word' id='word_1_145' title='bbox 223 2380 433 2461; x_wconf 71' lang='lat' dir='ltr'>timendum</span> <span class='ocrx_word' id='word_1_146' title='bbox 448 2386 704 2481; x_wconf 76' lang='lat' dir='ltr'>preparatione</span> <span class='ocrx_word' id='word_1_147' title='bbox 719 2388 920 2462; x_wconf 89' lang='lat' dir='ltr'>orationem</span> <span class='ocrx_word' id='word_1_148' title='bbox 932 2383 1182 2481; x_wconf 60' lang='lat' dir='ltr'>habeantffle·</span> 
     </span>
    </p>
   </div>
   <div class='ocr_carea' id='block_1_5' title="bbox 135 2481 1351 2581">
    <p class='ocr_par' dir='ltr' id='par_1_5' title="bbox 135 2481 1351 2581">
     <span class='ocr_line' id='line_1_22' title="bbox 135 2481 1351 2581; baseline -0.002 -21"><span class='ocrx_word' id='word_1_149' title='bbox 135 2486 357 2580; x_wconf 88' lang='lat' dir='ltr'>neratimqne</span> <span class='ocrx_word' id='word_1_150' title='bbox 375 2481 591 2566; x_wconf 88' lang='lat' dir='ltr'>ostendant.</span> <span class='ocrx_word' id='word_1_151' title='bbox 618 2505 702 2578; x_wconf 81' lang='lat' dir='ltr'>eos,</span> <span class='ocrx_word' id='word_1_152' title='bbox 727 2485 790 2581; x_wconf 87' lang='lat' dir='ltr'>qni</span> <span class='ocrx_word' id='word_1_153' title='bbox 814 2483 860 2561; x_wconf 89' lang='lat' dir='ltr'>ad</span> <span class='ocrx_word' id='word_1_154' title='bbox 879 2481 1181 2580; x_wconf 80' lang='lat' dir='ltr'>frequentiorem,</span> <span class='ocrx_word' id='word_1_155' title='bbox 1347 2492 1351 2502; x_wconf 86' lang='lat'>&#39;</span> 
     </span>
    </p>
   </div>
   <div class='ocr_carea' id='block_1_6' title="bbox 132 2579 1219 4460">
    <p class='ocr_par' dir='ltr' id='par_1_6' title="bbox 132 2579 1219 4460">
     <span class='ocr_line' id='line_1_23' title="bbox 133 2579 1179 2777; baseline 0.001 -19"><span class='ocrx_word' id='word_1_156' title='bbox 133 2582 479 2758; x_wconf 61' lang='lat' dir='ltr'>uicissim</span> <span class='ocrx_word' id='word_1_157' title='bbox 492 2580 668 2757; x_wconf 56' lang='lat' dir='ltr'>iiiiii</span> <span class='ocrx_word' id='word_1_158' title='bbox 682 2579 1179 2777; x_wconf 55' lang='lat' dir='ltr'>‘siscitatus’</span> 
     </span>
     <span class='ocr_line' id='line_1_24' title="bbox 497 2726 695 2768; baseline 0.02 -4"><span class='ocrx_word' id='word_1_159' title='bbox 497 2726 512 2764; x_wconf 77' lang='lat'><em>5</em></span> <span class='ocrx_word' id='word_1_160' title='bbox 684 2737 695 2768; x_wconf 75' lang='lat' dir='ltr'>t</span> 
     </span>
     <span class='ocr_line' id='line_1_25' title="bbox 134 2778 1180 2878; baseline 0.001 -22"><span class='ocrx_word' id='word_1_161' title='bbox 134 2779 228 2866; x_wconf 83' lang='lat' dir='ltr'>sint,</span> <span class='ocrx_word' id='word_1_162' title='bbox 248 2778 318 2855; x_wconf 82' lang='lat' dir='ltr'>sine</span> <span class='ocrx_word' id='word_1_163' title='bbox 339 2781 547 2876; x_wconf 78' lang='lat' dir='ltr'>conjugati,</span> <span class='ocrx_word' id='word_1_164' title='bbox 563 2780 632 2867; x_wconf 80' lang='lat' dir='ltr'>sive</span> <span class='ocrx_word' id='word_1_165' title='bbox 654 2783 860 2874; x_wconf 80' lang='lat' dir='ltr'>quicuomae</span> <span class='ocrx_word' id='word_1_166' title='bbox 876 2780 931 2858; x_wconf 86' lang='lat' dir='ltr'>aiii</span> <span class='ocrx_word' id='word_1_167' title='bbox 951 2778 1046 2859; x_wconf 90' lang='lat' dir='ltr'>snam</span> <span class='ocrx_word' id='word_1_168' title='bbox 1066 2803 1180 2878; x_wconf 83' lang='lat' dir='ltr'>agno·</span> 
     </span>
     <span class='ocr_line' id='line_1_26' title="bbox 133 2877 1180 2975; baseline 0 -19"><span class='ocrx_word' id='word_1_169' title='bbox 133 2877 228 2956; x_wconf 86' lang='lat' dir='ltr'>scere</span> <span class='ocrx_word' id='word_1_170' title='bbox 250 2877 512 2966; x_wconf 84' lang='lat' dir='ltr'>infirmitatem,</span> <span class='ocrx_word' id='word_1_171' title='bbox 533 2896 574 2958; x_wconf 91' lang='lat' dir='ltr'>nt</span> <span class='ocrx_word' id='word_1_172' title='bbox 600 2879 772 2975; x_wconf 81' lang='lat' dir='ltr'>dignitate</span> <span class='ocrx_word' id='word_1_173' title='bbox 790 2879 1007 2958; x_wconf 86' lang='lat' dir='ltr'>Sacramenti</span> <span class='ocrx_word' id='word_1_174' title='bbox 1021 2903 1099 2965; x_wconf 77' lang='lat' dir='ltr'>,ac</span> <span class='ocrx_word' id='word_1_175' title='bbox 1125 2879 1180 2956; x_wconf 87' lang='lat' dir='ltr'>di·</span> 
     </span>
     <span class='ocr_line' id='line_1_27' title="bbox 134 2976 1179 3075; baseline 0.002 -19"><span class='ocrx_word' id='word_1_176' title='bbox 134 2981 208 3057; x_wconf 82' lang='lat' dir='ltr'>vini</span> <span class='ocrx_word' id='word_1_177' title='bbox 223 2979 346 3075; x_wconf 76' lang='lat' dir='ltr'>judicii</span> <span class='ocrx_word' id='word_1_178' title='bbox 370 2977 560 3055; x_wconf 81' lang='lat' dir='ltr'>formidine</span> <span class='ocrx_word' id='word_1_179' title='bbox 583 2980 717 3056; x_wconf 84' lang='lat' dir='ltr'>discant</span> <span class='ocrx_word' id='word_1_180' title='bbox 738 2980 920 3058; x_wconf 81' lang='lat' dir='ltr'>coelesiem</span> <span class='ocrx_word' id='word_1_181' title='bbox 940 2976 1121 3064; x_wconf 76' lang='lat' dir='ltr'>Mensam,</span> <span class='ocrx_word' id='word_1_182' title='bbox 1137 2981 1179 3058; x_wconf 86' lang='lat' dir='ltr'>in</span> 
     </span>
     <span class='ocr_line' id='line_1_28' title="bbox 133 3076 1180 3177; baseline -0.001 -20"><span class='ocrx_word' id='word_1_183' title='bbox 133 3100 204 3177; x_wconf 80' lang='lat' dir='ltr'>oua</span> <span class='ocrx_word' id='word_1_184' title='bbox 226 3076 385 3155; x_wconf 76' lang='lat' dir='ltr'>Christus</span> <span class='ocrx_word' id='word_1_185' title='bbox 410 3079 480 3166; x_wconf 80' lang='lat' dir='ltr'>est,</span> <span class='ocrx_word' id='word_1_186' title='bbox 504 3082 654 3156; x_wconf 84' lang='lat' dir='ltr'>revereri</span> <span class='ocrx_word' id='word_1_187' title='bbox 676 3104 688 3171; x_wconf 91' lang='lat'>;</span> <span class='ocrx_word' id='word_1_188' title='bbox 712 3080 749 3157; x_wconf 91' lang='lat'>&amp;</span> <span class='ocrx_word' id='word_1_189' title='bbox 774 3077 800 3155; x_wconf 82' lang='lat' dir='ltr'>si</span> <span class='ocrx_word' id='word_1_190' title='bbox 831 3079 977 3177; x_wconf 86' lang='lat' dir='ltr'>quando</span> <span class='ocrx_word' id='word_1_191' title='bbox 1000 3077 1034 3155; x_wconf 89' lang='lat' dir='ltr'>se</span> <span class='ocrx_word' id='word_1_192' title='bbox 1061 3081 1180 3158; x_wconf 83' lang='lat' dir='ltr'>minue</span> 
     </span>
     <span class='ocr_line' id='line_1_29' title="bbox 132 3178 1180 3277; baseline 0.004 -24"><span class='ocrx_word' id='word_1_193' title='bbox 132 3191 275 3275; x_wconf 78' lang='lat' dir='ltr'>paratos</span> <span class='ocrx_word' id='word_1_194' title='bbox 293 3178 477 3264; x_wconf 82' lang='lat' dir='ltr'>senserint,</span> <span class='ocrx_word' id='word_1_195' title='bbox 490 3181 534 3256; x_wconf 89' lang='lat' dir='ltr'>ab</span> <span class='ocrx_word' id='word_1_196' title='bbox 551 3202 590 3255; x_wconf 82' lang='lat' dir='ltr'>ee</span> <span class='ocrx_word' id='word_1_197' title='bbox 611 3180 800 3271; x_wconf 77' lang='lat' dir='ltr'>abitinere,</span> <span class='ocrx_word' id='word_1_198' title='bbox 822 3182 929 3277; x_wconf 84' lang='lat' dir='ltr'>seque</span> <span class='ocrx_word' id='word_1_199' title='bbox 947 3179 992 3258; x_wconf 91' lang='lat' dir='ltr'>ad</span> <span class='ocrx_word' id='word_1_200' title='bbox 1005 3180 1180 3272; x_wconf 77' lang='lat' dir='ltr'>maiorem</span> 
     </span>
     <span class='ocr_line' id='line_1_30' title="bbox 133 3280 1170 3376; baseline 0.004 -24"><span class='ocrx_word' id='word_1_201' title='bbox 133 3280 426 3375; x_wconf 72' lang='lat' dir='ltr'>preparationem</span> <span class='ocrx_word' id='word_1_202' title='bbox 453 3282 648 3376; x_wconf 84' lang='lat' dir='ltr'>accingere·</span> <span class='ocrx_word' id='word_1_203' title='bbox 1166 3306 1170 3313; x_wconf 69' lang='grc'><strong><em>’</em></strong></span> 
     </span>
     <span class='ocr_line' id='line_1_31' title="bbox 188 3372 1181 3553; baseline 0.001 -100"><span class='ocrx_word' id='word_1_204' title='bbox 188 3374 352 3472; x_wconf 78' lang='lat' dir='ltr'>Episcopi</span> <span class='ocrx_word' id='word_1_205' title='bbox 368 3391 508 3461; x_wconf 84' lang='lat' dir='ltr'>antem,</span> <span class='ocrx_word' id='word_1_206' title='bbox 522 3381 557 3455; x_wconf 88' lang='lat' dir='ltr'>in</span> <span class='ocrx_word' id='word_1_207' title='bbox 573 3400 729 3472; x_wconf 78' lang='lat' dir='ltr'>quorum</span> <span class='ocrx_word' id='word_1_208' title='bbox 748 3372 972 3553; x_wconf 53' lang='lat' dir='ltr'>Dioecejbue</span> <span class='ocrx_word' id='word_1_209' title='bbox 1000 3377 1098 3471; x_wconf 84' lang='lat' dir='ltr'>viget</span> <span class='ocrx_word' id='word_1_210' title='bbox 1112 3373 1181 3454; x_wconf 88' lang='lat' dir='ltr'>hu·</span> 
     </span>
     <span class='ocr_line' id='line_1_32' title="bbox 134 3475 1182 3574; baseline 0.007 -24"><span class='ocrx_word' id='word_1_211' title='bbox 134 3475 286 3569; x_wconf 80' lang='lat' dir='ltr'>jusmodi</span> <span class='ocrx_word' id='word_1_212' title='bbox 307 3478 549 3574; x_wconf 77' lang='lat' dir='ltr'>denotroerga</span> <span class='ocrx_word' id='word_1_213' title='bbox 563 3475 806 3554; x_wconf 77' lang='lat' dir='ltr'>sandiffimnm</span> <span class='ocrx_word' id='word_1_214' title='bbox 823 3475 866 3551; x_wconf 85' lang='lat' dir='ltr'>Sa</span> <span class='ocrx_word' id='word_1_215' title='bbox 906 3491 1087 3554; x_wconf 84' lang='lat' dir='ltr'>amentum</span> <span class='ocrx_word' id='word_1_216' title='bbox 1111 3497 1182 3571; x_wconf 80' lang='lat' dir='ltr'>pro</span> 
     </span>
     <span class='ocr_line' id='line_1_33' title="bbox 134 3573 1183 3673; baseline 0.001 -23"><span class='ocrx_word' id='word_1_217' title='bbox 134 3575 209 3650; x_wconf 78' lang='lat' dir='ltr'>isiae</span> <span class='ocrx_word' id='word_1_218' title='bbox 230 3577 354 3668; x_wconf 79' lang='lat' dir='ltr'>gratias</span> <span class='ocrx_word' id='word_1_219' title='bbox 372 3578 459 3658; x_wconf 87' lang='lat' dir='ltr'>Deo</span> <span class='ocrx_word' id='word_1_220' title='bbox 468 3591 595 3671; x_wconf 88' lang='lat' dir='ltr'>agant,</span> <span class='ocrx_word' id='word_1_221' title='bbox 609 3599 759 3673; x_wconf 88' lang='lat' dir='ltr'>eamque</span> <span class='ocrx_word' id='word_1_222' title='bbox 782 3573 942 3652; x_wconf 87' lang='lat' dir='ltr'>adhibito</span> <span class='ocrx_word' id='word_1_223' title='bbox 957 3573 1183 3668; x_wconf 78' lang='lat' dir='ltr'>prudentiae.</span> 
     </span>
     <span class='ocr_line' id='line_1_34' title="bbox 134 3674 1181 3771; baseline -0.001 -20"><span class='ocrx_word' id='word_1_224' title='bbox 134 3675 172 3751; x_wconf 90' lang='lat'>&amp;</span> <span class='ocrx_word' id='word_1_225' title='bbox 186 3676 303 3762; x_wconf 82' lang='lat' dir='ltr'>iudicii</span> <span class='ocrx_word' id='word_1_226' title='bbox 319 3689 601 3771; x_wconf 87' lang='lat' dir='ltr'>temperamento</span> <span class='ocrx_word' id='word_1_227' title='bbox 612 3674 702 3751; x_wconf 84' lang='lat' dir='ltr'>alere</span> <span class='ocrx_word' id='word_1_228' title='bbox 724 3676 926 3750; x_wconf 82' lang='lat' dir='ltr'>debebunt,</span> <span class='ocrx_word' id='word_1_229' title='bbox 940 3674 979 3749; x_wconf 81' lang='lat' dir='ltr'>ar</span> <span class='ocrx_word' id='word_1_230' title='bbox 991 3674 1035 3750; x_wconf 89' lang='lat' dir='ltr'>ab</span> <span class='ocrx_word' id='word_1_231' title='bbox 1051 3694 1181 3750; x_wconf 87' lang='lat' dir='ltr'>eornm</span> 
     </span>
     <span class='ocr_line' id='line_1_35' title="bbox 132 3768 1184 3873; baseline -0.001 -22"><span class='ocrx_word' id='word_1_232' title='bbox 132 3771 258 3851; x_wconf 88' lang='lat' dir='ltr'>officio</span> <span class='ocrx_word' id='word_1_233' title='bbox 279 3775 445 3872; x_wconf 85' lang='lat' dir='ltr'>postulari</span> <span class='ocrx_word' id='word_1_234' title='bbox 467 3774 527 3851; x_wconf 85' lang='lat' dir='ltr'>fibi</span> <span class='ocrx_word' id='word_1_235' title='bbox 547 3777 700 3850; x_wconf 81' lang='lat' dir='ltr'>maxime</span> <span class='ocrx_word' id='word_1_236' title='bbox 711 3770 988 3873; x_wconf 87' lang='lat' dir='ltr'>persuadebunt,</span> <span class='ocrx_word' id='word_1_237' title='bbox 1013 3768 1102 3850; x_wconf 79' lang='lat' dir='ltr'>nutri</span> <span class='ocrx_word' id='word_1_238' title='bbox 1131 3769 1184 3850; x_wconf 90' lang='lat' dir='ltr'>la·</span> 
     </span>
     <span class='ocr_line' id='line_1_36' title="bbox 134 3874 1182 3974; baseline -0.002 -23"><span class='ocrx_word' id='word_1_239' title='bbox 134 3875 236 3959; x_wconf 89' lang='lat' dir='ltr'>bori,</span> <span class='ocrx_word' id='word_1_240' title='bbox 253 3875 289 3949; x_wconf 80' lang='lat' dir='ltr'>de</span> <span class='ocrx_word' id='word_1_241' title='bbox 302 3875 493 3971; x_wconf 78' lang='lat' dir='ltr'>diligentiae</span> <span class='ocrx_word' id='word_1_242' title='bbox 506 3876 744 3974; x_wconf 84' lang='lat' dir='ltr'>parcendum,</span> <span class='ocrx_word' id='word_1_243' title='bbox 759 3887 799 3951; x_wconf 91' lang='lat' dir='ltr'>ut</span> <span class='ocrx_word' id='word_1_244' title='bbox 811 3875 927 3949; x_wconf 82' lang='lat' dir='ltr'>omnia</span> <span class='ocrx_word' id='word_1_245' title='bbox 937 3874 1182 3961; x_wconf 69' lang='lat' dir='ltr'>irreverentia.</span> 
     </span>
     <span class='ocr_line' id='line_1_37' title="bbox 133 3970 1219 4072; baseline -0.002 -23"><span class='ocrx_word' id='word_1_246' title='bbox 133 3973 173 4049; x_wconf 82' lang='lat' dir='ltr'>de</span> <span class='ocrx_word' id='word_1_247' title='bbox 197 3973 343 4049; x_wconf 83' lang='lat' dir='ltr'>scandali</span> <span class='ocrx_word' id='word_1_248' title='bbox 364 3974 511 4072; x_wconf 88' lang='lat' dir='ltr'>suspicio</span> <span class='ocrx_word' id='word_1_249' title='bbox 525 3979 559 4051; x_wconf 92' lang='lat' dir='ltr'>in</span> <span class='ocrx_word' id='word_1_250' title='bbox 581 3977 673 4060; x_wconf 86' lang='lat' dir='ltr'>veri,</span> <span class='ocrx_word' id='word_1_251' title='bbox 699 3976 735 4050; x_wconf 86' lang='lat' dir='ltr'>de</span> <span class='ocrx_word' id='word_1_252' title='bbox 753 3970 965 4049; x_wconf 81' lang='lat' dir='ltr'>immaculati</span> <span class='ocrx_word' id='word_1_253' title='bbox 987 3973 1080 4067; x_wconf 74' lang='lat' dir='ltr'>tigni</span> <span class='ocrx_word' id='word_1_254' title='bbox 1103 3992 1182 4063; x_wconf 72' lang='lat' dir='ltr'>pet·</span> <span class='ocrx_word' id='word_1_255' title='bbox 1212 4024 1219 4029; x_wconf 89' lang='lat'>--</span> 
     </span>
     <span class='ocr_line' id='line_1_38' title="bbox 132 4070 1181 4172; baseline -0.005 -21"><span class='ocrx_word' id='word_1_256' title='bbox 132 4076 301 4167; x_wconf 88' lang='lat' dir='ltr'>ceptione</span> <span class='ocrx_word' id='word_1_257' title='bbox 321 4073 488 4165; x_wconf 63' lang='lat' dir='ltr'>tulletum</span> <span class='ocrx_word' id='word_1_258' title='bbox 505 4072 738 4172; x_wconf 81' lang='lat' dir='ltr'>virtutesque,</span> <span class='ocrx_word' id='word_1_259' title='bbox 755 4095 798 4149; x_wconf 88' lang='lat' dir='ltr'>ac</span> <span class='ocrx_word' id='word_1_260' title='bbox 811 4072 905 4149; x_wconf 87' lang='lat' dir='ltr'>dona</span> <span class='ocrx_word' id='word_1_261' title='bbox 918 4075 953 4148; x_wconf 89' lang='lat' dir='ltr'>in</span> <span class='ocrx_word' id='word_1_262' title='bbox 965 4070 1181 4149; x_wconf 67' lang='lat' dir='ltr'>sumentibus</span> 
     </span>
     <span class='ocr_line' id='line_1_39' title="bbox 132 4169 1184 4376; baseline -0.002 -24"><span class='ocrx_word' id='word_1_263' title='bbox 132 4169 1184 4376; x_wconf 57' lang='grc' dir='ltr'>1111111111111111111111111ῐὲ</span> 
     </span>
     <span class='ocr_line' id='line_1_40' title="bbox 554 4320 1184 4368; baseline 0 -8"><span class='ocrx_word' id='word_1_264' title='bbox 554 4326 567 4368; x_wconf 67' lang='grc' dir='ltr'>Ι</span> <span class='ocrx_word' id='word_1_265' title='bbox 673 4320 677 4327; x_wconf 73' lang='grc'><em>“</em></span> <span class='ocrx_word' id='word_1_266' title='bbox 1174 4344 1184 4360; x_wconf 72' lang='lat' dir='ltr'>a</span> 
     </span>
     <span class='ocr_line' id='line_1_41' title="bbox 1045 4381 1129 4460; baseline 0.036 -13"><span class='ocrx_word' id='word_1_267' title='bbox 1045 4381 1129 4460; x_wconf 66' lang='lat' dir='ltr'>tuta</span> 
     </span>
    </p>
   </div>
   <div class='ocr_carea' id='block_1_7' title="bbox 0 0 1593 5384">
    <p class='ocr_par' dir='ltr' id='par_1_7' title="bbox 0 0 1593 5384">
     <span class='ocr_line' id='line_1_42' title="bbox 0 0 1593 5384; baseline 0 0"><span class='ocrx_word' id='word_1_268' title='bbox 0 0 1593 5384; x_wconf 95' lang='lat' dir='ltr'> </span> 
     </span>
    </p>
   </div>
  </div>
 </body>
</html>
