3175 5384
438 724 741 919 quibua
776 724 1006 916 Dog.
1040 803 1127 893 &
1183 797 1483 919 Discip.
1520 794 2145 895 confirmanturi
2204 831 2310 912 57
2318 835 2361 912 3

262 975 496 1067 iorem
549 976 1373 1052 excommunicationem
1401 1029 1419 1061 .
1452 972 1857 1073 eodemque
1883 975 2088 1072 plane
2129 979 2363 1057 modo

268 1098 421 1173 quo
466 1075 727 1151 ibidem
759 1126 783 1160 ,
830 1076 1227 1151 decernitur
1253 1129 1274 1159 ,
1318 1074 1571 1157 nobis,
1611 1074 1684 1151 ἃ
1727 1073 2163 1157 huiesanstae
2195 1081 2363 1159 Sedi

264 1174 678 1251 reservatam
714 1180 1061 1252 incurret,
1096 1186 1316 1271 prout
1349 1172 1543 1250 illum
1565 1198 1656 1250 eo
1691 1176 1840 1274 ipso
1870 1176 2223 1253 incurrere
2241 1178 2365 1254 de-

267 1275 607 1351 claramus
635 1328 657 1359 ,
705 1274 1039 1352 volumus
1067 1328 1089 1363 ,
1125 1289 1339 1370 atque
1370 1275 1751 1351 statuimus·
1805 1272 1983 1352 Non
2027 1276 2367 1357 obstanti.

268 1375 404 1450 bus
448 1376 826 1451 omnibus.
856 1376 926 1450 &
979 1372 1261 1470 singulis
1303 1373 1429 1450 illis
1458 1416 1478 1449 ³
1529 1396 1688 1472 quoe
1718 1378 1791 1450 in
1830 1372 2107 1469 ptaefata
2127 1378 2368 1457 nostra

271 1471 802 1553 Constitutione
826 1474 1183 1550 voluimus
1209 1496 1360 1550 non
1399 1473 1673 1548 obstare
1695 1525 1718 1560 ,
1759 1474 2159 1575 caetetisque
2184 1499 2370 1554 con-

270 1577 490 1651 trariis
528 1572 1089 1670 quibuscunque·
1150 1569 1510 1651 Volumus
1569 1588 1808 1661 autem
1847 1588 1928 1652 ut
1958 1575 2370 1655 earumdem

268 1674 711 1770 praesentium
737 1673 1090 1749 literarum
1114 1670 1555 1767 transumptis
1588 1716 1609 1755 2
1644 1671 1759 1749 seu
1794 1672 2136 1770 exemplis
2160 1679 2376 1773 etiam⁵

269 1770 606 1866 impreffis
648 1824 670 1858 ,
725 1793 935 1849 manu
976 1773 1265 1868 alicujus
1303 1769 1581 1848 Notarii
1619 1771 1882 1865 publici
1922 1771 2310 1869 subscriptis
2342 1829 2371 1863 .

269 1875 344 1950 δι
394 1870 620 1969 sigillo
656 1873 969 1969 personae
1002 1878 1071 1947 in
1100 1870 1542 1949 ecclesiastica
1576 1868 1946 1969 Dignitate
1971 1876 2375 1953 constitute

270 1976 559 2049 munitis
587 1970 831 2048 eadem
864 1972 1141 2066 prorsus
1173 1968 1345 2048 fides
1381 1975 1449 2047 in
1480 1971 1753 2066 judicio
1774 2027 1795 2056 .
1844 1975 1917 2049 ἀ
1947 1990 2145 2050 extra
2193 1975 2373 2053 illud

273 2072 538 2170 ubique
583 2071 910 2148 locorum
958 2071 1292 2148 habeatur
1326 2124 1349 2156 ,
1393 2094 1552 2168 quae
1590 2069 1962 2153 haberetur
1994 2072 2154 2170 ipsis
2193 2096 2375 2175 pra·

275 2171 581 2248 sentibus
609 2225 630 2256 ‚
683 2168 730 2244 fi
760 2168 995 2247 forent
1024 2170 1360 2248 exhibitae
1384 2172 1492 2247 vel
1520 2169 1829 2250 ostensae.

374 2269 646 2353 Datum
672 2266 928 2347 Romae
964 2272 1154 2368 apud
1182 2269 1478 2347 sanciam
1529 2270 1830 2349 Mariam
1873 2271 2215 2359 maiorem
2238 2269 2366 2353 sub

270 2368 566 2446 Annulo
617 2368 973 2447 l'tl'catoris
1018 2370 1131 2445 die
1181 2382 1249 2456 8.
1304 2368 1660 2450 Februarii
1719 2389 1927 2466 1745.
1979 2368 2361 2452 Pontifica-

274 2486 390 2548 ωε
429 2470 653 2548 nostri
690 2494 883 2547 anno
924 2472 1206 2568 quinto.

1313 2589 1412 2674 D.
1442 2589 1827 2670 Cardinalis
1854 2587 2278 2672 Passioneur.

651 2742 921 2829 CON
955 2745 1592 2829 STITUTIO
1697 2744 1963 2826 V111.

274 2906 413 3003 De
449 2902 797 2997 doctrina
844 2896 1249 3012 christiana
1260 2904 1951 3022 praeftrtimpueris
1973 2890 2377 2998 tradenda.

357 3094 364 3112 “
572 3074 1385 3159 BENEDICTUS·
1466 3076 1759 3156 PAPA
1839 3072 2090 3158 le.

314 3238 323 3243 “
374 3234 828 3318 venerabiles
865 3224 1132 3316 Fratres
1169 3290 1191 3322 ‚
1241 3233 1552 3313 Salutem
1593 3289 1617 3324 .
1654 3236 1728 3315 δε
1788 3234 2274 3337 Apostolicam

1011 3334 1611 3420 benedidionem.

440 3459 523 3540 tfi
558 3464 848 3541 minime
895 3463 1102 3541 nobis
1148 3461 1620 3540 dubitandum
1681 3460 1765 3541 fit
1799 3517 1824 3552 ,
1869 3485 2167 3549 omnes,
2218 3462 2378 3559 quid

473 3565 600 3643 bus
641 3567 1038 3640 animarum
1090 3586 1255 3641 cura
1302 3563 1570 3640 credita
1617 3563 1753 3649 est,
1792 3563 2059 3658 vosque
2096 3561 2377 3661 praeser-

281 3668 413 3742 tim
464 3667 886 3742 venerabiles
920 3661 1187 3741 Fratres
1234 3662 1321 3738 ad
1352 3665 1799 3754 Apostolatus
1846 3661 2166 3741 officium
2214 3685 2379 3739 eve·

282 3762 474 3848 stoa,
508 3781 721 3859 atque
756 3768 827 3838 in
862 3761 1287 3840 Praelationis
1324 3761 1602 3869 fastigio
1636 3788 1673 3840 a
1707 3761 1877 3840 Deo
1903 3761 2378 3840 constitutos.
2443 3828 2450 3843 ,

283 3863 359 3934 in
402 3864 472 3936 id
519 3858 955 3956 potiffimum
1027 3863 1542 3939 solicitudinem
1597 3860 1962 3937 intendere
1992 3913 2018 3948 ,
2061 3876 2141 3936 ut
2188 3857 2377 3933 chri-

284 3959 540 4035 stianus
587 3960 894 4053 populus
939 3959 1237 4035 coelestis
1276 3958 1614 4035 doctrinae
1672 3959 1936 4057 pabulo
1985 3961 2375 4044 enutrituS.

286 4060 360 4135 δι
396 4059 811 4137 rudimentis
857 4055 1019 4133 fidei
1054 4057 1492 4134 saluberrime
1532 4057 1899 4134 instructus
1938 4060 2014 4133 in
2064 4056 2385 4145 semitam

281 4158 782 4235 mandatorum
807 4154 1153 4243 Domini,
1189 4155 1416 4232 facem
1449 4156 1653 4232 vobis
1691 4154 2254 4257 praeferentibus,
2283 4155 2388 4231 fe·

285 4259 508 4336 liciter
559 4254 901 4353 dirigatur
946 4284 972 4350 ·,
1031 4273 1423 4353 temperate
1464 4272 1702 4336 tamen
1771 4278 1923 4334 uon
1964 4253 2324 4353 possumus
2350 4308 2376 4341 .

286 4353 462 4458 quin
507 4381 637 4436 vos
683 4358 867 4456 ipsos
915 4356 1170 4434 nostrae
1215 4354 1644 4434 auctoritatis
1672 4411 1695 4445 ,
1739 4378 1825 4434 ac
1847 4353 2156 4434 Paternae
2206 4354 2381 4431 dile-

288 4458 538 4536 dionis
582 4456 871 4535 stimulis
928 4459 1319 4535 excitemus
1352 4454 1444 4532 ad
1480 4475 1623 4534 tam
1660 4460 1857 4552 pium
1894 4496 1917 4536 2
1966 4471 2256 4552 tamque
2285 4455 2385 4532 sa·

287 4558 513 4636 lutare
557 4579 740 4654 opus
769 4556 1111 4635 dodrinae
1149 4554 1534 4636 christianae
1562 4555 2191 4653 impensiorecura
2217 4576 2387 4651 pro-

287 4654 694 4735 vehendum
721 4711 742 4743 ,
785 4656 1059 4734 sublatis
1087 4659 1168 4735 iis
1192 4658 1763 4755 impedimentis,
1812 4680 1971 4758 quae
1990 4661 2386 4737 animarum

279 4757 478 4845 saluti
526 4755 994 4839 adversantur.

1148 4847 1229 4935 0
1279 4875 1430 4939 o·2
1653 4868 1680 4902 ⁴
1899 4866 1904 4873 '
2001 4840 2298 4952 '⁰Qui2
2400 4858 2425 4927 Ι
