3175 5384
341 673 449 764 noi-
737 663 1020 760 monumenta

340 840 411 918 'cilii
425 836 540 934 legem
562 831 609 913 de
633 830 845 914 Confellore
867 830 1150 912 extraordinario
1166 831 1250 922 bic,
1272 849 1399 920 autter

342 943 380 1015 in
397 961 494 1016 anno
510 937 729 1016 Monialibus
750 937 811 1014 libi
831 927 989 1031 surrectis
1009 929 1223 1010 exhibendo
1243 933 1399 1018 limiliter

336 1041 490 1136 ‚implere
509 1039 726 1134 neglexerit,
741 1056 829 1114 tunc
849 1035 949 1112 locut
970 1031 1030 1110 flet
1042 1030 1205 1110 Decreto
1231 1031 1397 1136 Congre·

334 1141 495 1238 ,gationis
519 1137 554 1214 Sa
574 1138 615 1212 it.
631 1134 669 1214 R
687 1133 927 1214 Cardlnalinm
952 1138 1001 1208 ad
1028 1132 1134 1227 iulius
1162 1132 1327 1212 Concilii
1348 1145 1394 1214 in-

340 1242 659 1335 terpretationem.
683 1239 986 1314 &executionem
1009 1235 1223 1310 auclotitate
1242 1239 1395 1330 apollo

339 1338 406 1418 lica
424 1334 703 1434 deputatorum,
729 1359 805 1432 quo
832 1335 961 1412 scilicet
984 1337 1107 1410 eadem·
1137 1333 1392 1434 Congregario

337 1440 382 1516 ud
401 1439 632 1534 quaestionem
654 1438 697 1512 ab
719 1433 898 1531 Episcopo
928 1431 1138 1510 vercellense
1167 1439 1392 1530 propolitam

335 1540 395 1614 die
417 1555 476 1630 23·
499 1538 644 1632 Augusti
671 1539 753 1611 unni
773 1529 877 1624 1631.
905 1531 1094 1629 rescripsit,
1119 1552 1161 1610 ut
1182 1536 1291 1610 infru·
1321 1536 1393 1631 Eui.

333 1695 359 1732 ‚,
372 1638 499 1732 scopus
515 1635 711 1712 Vercellen·
728 1635 897 1729 lnpplrcar
910 1635 969 1708 libi
982 1633 1210 1726 responderi,
1225 1657 1274 1708 an
1285 1636 1391 1731 depu-

272 1807 276 1822 ,
333 1733 461 1832 „tatio
473 1732 676 1814 Confellarii
686 1735 951 1810 extraordinarii
970 1732 1189 1810 Monialium
1208 1731 1392 1830 Regulati·

335 1838 436 1931 „bus
460 1835 830 1932 inbjeuarumtpettet
857 1829 1148 1910 adOrdinatium
1175 1834 1268 1912 loci·
1296 1847 1390 1914 sacre

244 1957 262 1988 ³·
334 1939 583 2035 Congregatio
596 1935 729 2012 cenl'uit
748 1990 769 2025 ,‚
796 1934 840 2009 ad
855 1929 1066 2030 Episcopum
1087 1954 1166 2007 non
1187 1939 1388 2028 pertinere.

334 2035 430 2131 „nni
446 2033 482 2113 in‘
494 2033 573 2112 casu
591 2034 816 2131 negligentiae
825 2032 1036 2109 eorumdem
1064 2028 1312 2129 Regularium
1328 2091 1339 2122 .
1354 2053 1389 2114 ut

333 2136 556 2218 riderelicet
580 2131 768 2212 Decretor·
792 2133 923 2224 lib.14
944 2155 1025 2228 pag·
1043 2146 1129 2222 493·
1184 2131 1273 2212 Nec
1299 2138 1387 2212 aliter

333 2236 516 2335 respondit
541 2235 792 2332 quaellionibm
824 2235 869 2310 ab
896 2231 1076 2326 Epil'coois
1107 2227 1229 2328 Belgii
1254 2235 1384 2311 exlubi·

334 2337 380 2412 tis
407 2383 419 2420 ,
451 2338 509 2410 die
542 2345 574 2408 6.
609 2335 736 2428 Aprilis
773 2355 871 2409 anuo
910 2343 1015 2422 1647.
1058 2343 1098 2408 ut
1139 2333 1281 2428 legitur
1318 2333 1384 2412 De·

328 2450 420 2512 oret·
441 2434 502 2510 lib.-
530 2425 585 2505 18.
611 2457 689 2532 pag.
719 2432 778 2525 32'.
816 2429 910 2525 Quat
941 2429 1086 2529 quidem
1117 2429 1383 2530 Rel'ctipra,&

332 2532 488 2612 Decreta
497 2531 577 2610 Nos
600 2538 704 2610 eriam
720 2530 943 2628 praesentium
964 2532 1088 2610 tenore
1101 2583 1113 2616 .
1127 2531 1166 2608 ἃ
1181 2535 1384 2630 Apostolioe

329 2635 537 2711 aotlorirate
558 2637 593 2707 in
611 2635 778 2710 omnibus
798 2686 809 2719 ,
834 2632 871 2707 &
888 2655 951 2730 pet
969 2634 1091 2709 omnia
1113 2637 1379 2729 approbamur,

326 2731 365 2812 ἃ
387 2733 652 2810 confirmamur.

331 2899 351 2928 ,⁴
378 2831 504 2926 Quum
523 2841 642 2909 autem
657 2829 865 2908 Tridentina
878 2829 1045 2931 Synodus
1062 2832 1110 2909 de
1125 2832 1291 2913 universa
1311 2834 1377 2928 qni·

327 2932 411 3010 tlern
424 2931 637 3010 illonialium
665 2935 947 3017 communitate,
968 2948 1008 3009 ut
1027 2933 1129 3030 lupta
1144 2933 1377 3018 ,decreverim

330 3033 387 3108 sed
416 3034 501 3109 nihil
526 3033 570 3108 de
595 3031 736 3128 ungulis
762 3029 983 3108 llluniulrbus
1005 3034 1188 3118 statuerit.
1221 3051 1262 3110 nt
1288 3051 1374 3126 parer

328 3133 461 3228 legenti
480 3131 642 3209 Textum
660 3132 755 3208 citari
772 3134 894 3227 capitis
906 3128 959 3209 X.
976 3149 1089 3229 utque
1114 3138 1226 3210 ctiam
1240 3137 1311 3226 iam
1328 3131 1373 3207 ul·

328 3255 400 3327 que
422 3233 465 3307 ab
485 3256 581 3307 anno
617 3244 722 3321 1585.
751 3231 942 3323 judicatum
966 3231 1031 3309 fnit
1050 3236 1096 3310 ab
1120 3233 1191 3330 ipsa
1214 3231 1373 3328 Congre-

325 3333 472 3426 gatione
490 3329 729 3406 Cardimlium
745 3331 898 3406 Concilii
923 3329 1165 3425 interpretum
1180 3389 1189 3416 .
1207 3357 1270 3432 per
1300 3333 1370 3408 l'ulr·

324 3432 471 3522 sequent
484 3427 727 3523 Rescriptum,
743 3430 844 3527 quod
858 3447 967 3507 extat·
987 3427 1137 3511 Decret.
1154 3434 1212 3508 lib.
1235 3452 1267 3522 4-
1285 3450 1362 3522 pag.

328 3550 420 3622 90„
449 3529 552 3605 Sacra
571 3532 641 3601 &o¹
659 3528 793 3607 censuit
809 3533 1159 3617 ,extraordinarium
1182 3523 1360 3606 Confello·

327 3653 437 3723 „rem
459 3627 682 3706 offerendum
708 3651 786 3703 non
823 3630 925 3706 alicui
951 3629 1106 3709 illoniali
1132 3632 1364 3728 linguleriterr

323 3728 415 3822 „led
433 3731 600 3804 omnibus
615 3725 832 3805 illonialibus
851 3730 1077 3814 univerl'e‚ut
1093 3753 1262 3809 omnium
1270 3725 1366 3807 Con·

321 3885 344 3923 „
358 3826 518 3904 i'efflones
539 3828 818 3918 audiredebeat3
840 3831 875 3903 iu
896 3832 1041 3908 arbitrio
1061 3847 1189 3908 tannen
1204 3831 1367 3925 cujul'que

320 3927 527 4021 „lionam
544 3925 632 4013 elle.
650 3946 691 4005 ut
720 3925 940 4006 Conleffario
970 3932 1259 4008 extraordinario
1291 3931 1368 4006 velit

319 4083 344 4119 „
356 4027 538 4104 confiteri:
557 4028 641 4103 hinc
654 4026 1068 4107 ortumhabuiralterum
1088 4029 1367 4115 controverfiae,

317 4128 376 4205 sen
399 4125 628 4203 dubitationis
649 4136 757 4223 capnt
772 4147 785 4215 ς
800 4150 843 4202 an
867 4127 1017 4215 scilicet.
1038 4131 1100 4206 ubi
1120 4131 1198 4225 jam
1229 4137 1364 4208 unirer·

316 4225 360 4306 lae
380 4229 628 4302 communitati
652 4230 727 4314 bis,
757 4242 856 4303 terve
880 4227 969 4304 infra
1000 4252 1137 4306 annum
1154 4225 1364 4308 Confeffnl

316 4319 584 4402 extraordinarii
611 4332 717 4422 copia
754 4327 842 4403 latia
868 4327 949 4414 eli,
989 4328 1230 4408 nihilominus
1255 4333 1364 4424 alique

312 4421 481 4501 Mucialis
497 4423 758 4524 ,Conlellarium
772 4427 983 4522 peculiarem
991 4448 1091 4504 exera
1116 4431 1291 4508 ordinem
1309 4428 1362 4505 fili

310 4526 464 4602 concedi
488 4528 679 4619 petit,an,
702 4529 871 4623 inquom,
899 4527 1103 4623 hujusmodi
1129 4533 1304 4623 petitioni
1326 4530 1360 4604 lit

311 4623 584 4722 indulgendam·
609 4623 651 4702 ld
674 4647 794 4705 autem
816 4630 934 4726 primo
955 4631 1044 4726 luco
1066 4627 1358 4726 quaefitumfuit»

1233 4753 1318 4828 pro·
