3175 5384
634 788 939 903 quibus
982 791 1214 909 Dog„
1268 789 1352 882 &
1377 787 1690 909 Dil'cip.
1717 786 2352 921 confirmantur.
2409 815 2582 901 575·

484 963 683 1041 mine
725 960 940 1061 digna
988 1007 1009 1043 ‚
1048 985 1312 1060 pueros
1368 964 1769 1068 puellasque
1805 963 1898 1042 de
1945 967 2154 1045 rebus
2201 980 2405 1043 antea
2455 988 2586 1043 au-

484 1059 650 1149 ditis
692 1060 1108 1146 sciscitetur,
1153 1087 1239 1149 ac
1282 1066 1605 1165 mysteria
1661 1064 1916 1144 nostrae
1965 1064 2324 1163 religionis
2382 1064 2585 1143 evol-

486 1178 609 1239 vat
635 1217 658 1249 ,
694 1162 769 1241 &
793 1167 1168 1249 annuntiet
1190 1220 1207 1243 ‚
1244 1167 1536 1264 pastoris
1570 1189 1865 1262 operam
1905 1167 1978 1243 in
2007 1169 2389 1252 maximam
2426 1186 2587 1241 cre-

487 1260 618 1343 diti
664 1259 784 1338 fibi
831 1270 1070 1361 gregis
1116 1265 1488 1344 utilitatem
1528 1262 1867 1349 ceffuram
1905 1320 1925 1352 .
1970 1264 2423 1363 eiusdemque
2453 1286 2584 1341 en-

486 1361 808 1457 emplum
825 1365 996 1454 alios
1023 1369 1505 1457 excitaturum
1531 1367 1622 1446 ad
1645 1370 1921 1444 vineam
1943 1363 2247 1443 Domini
2267 1360 2585 1445 Sabaoth

490 1483 629 1561 pro
671 1463 934 1543 viribus
988 1467 1487 1545 excolendam.
2122 1507 2144 1534 ο
2555 1536 2562 1547 .

590 1557 800 1643 Hanc
844 1566 1405 1647 administrandae
1451 1564 1770 1645 Eccleliae
1802 1562 1998 1665 quali
2035 1563 2268 1664 legem
2313 1562 2438 1641 libi
2478 1562 2591 1643 dl·-

486 1677 751 1745 xerunt
792 1664 1055 1751 nedum
1101 1662 1369 1743 ueteres
1396 1721 1418 1753 ‚
1444 1666 1560 1744 sed
1603 1669 2030 1745 recentiores
2062 1669 2278 1765 etiam
2330 1660 2591 1753 praesu,-

486 1761 587 1837 les
638 1764 1009 1853 beatorum
1036 1763 1322 1857 Civium
1364 1767 1548 1846 Albo
1589 1766 1952 1864 adscripti;
1991 1761 2292 1844 Carolus
2324 1788 2590 1860 nempe

487 1857 983 1953 Bottomaeus‚
1012 1862 1412 1951 Franciscus
1437 1865 1728 1952 Salefius
1751 1922 1775 1954 .
1809 1866 2182 1944 Turribius
2205 1922 2227 1953 ,
2281 1866 2588 1953 Alexan?

489 1961 617 2047 det
641 1959 864 2048 Sauli.
903 1986 1219 2062 quorum
1248 1968 1462 2067 aliqui
1487 1968 1627 2063 (ut
1645 1968 1856 2049 literis
1897 1964 2393 2063 confignatum
2420 1963 2585 2051 est)

489 2082 659 2139 cum
700 2066 1143 2171 gravioribus
1182 2066 1461 2151 distenti
1484 2123 1507 2158 ,
1540 2082 1756 2165 atque
1789 2064 2111 2163 impediti
2151 2068 2338 2146 curis
2357 2060 2592 2148 adeffe

491 2182 741 2238 coram
788 2186 939 2240 non
988 2163 1312 2262 poss'ent,
1353 2191 1592 2267 operae
1641 2210 1663 2245 2
1703 2190 1788 2247 ac
1829 2166 2211 2265 diligentiae
2261 2163 2396 2243 suae
2457 2162 2594 2243 Vi-

489 2262 757 2339 carium
804 2264 1109 2362 aliquem
1159 2291 1253 2358 ex
1307 2265 1692 2355 canonicis
1719 2322 1741 2353 ,
1787 2282 1911 2351 aut
1952 2288 2046 2343 ex
2087 2264 2590 2345 Sacerdotibus

489 2358 988 2467 designabant,
1045 2370 1211 2469 qui,
1245 2366 1574 2466 susceptis
1605 2360 1970 2465 'pastoralis
2022 2366 2376 2443 ministerii
2429 2385 2626 2465 par--=

492 2460 677 2540 tibus
710 2514 734 2547 .
783 2463 1262 2547 adolescentes
1310 2471 1400 2546 ad
1449 2471 1693 2549 omnia
1745 2467 2107 2565 religionis
2153 2461 2389 2545 officia
2425 2461 2594 2551 fidei

492 2560 856 2643 elementis
891 2564 1379 2654 informarent.
2076 2616 2128 2641 .-

595 2657 985 2757 Optimum
1032 2691 1253 2765 ergo,
1288 2672 1363 2747 ἃ
1405 2667 1492 2748 ad
1540 2666 1939 2767 profectum
1999 2666 2394 2751 animarum
2447 2686 2605 2749 ma,-

488 2763 689 2840 xime
750 2770 1386 2847 accommodatum
1441 2771 1573 2845 erit
1637 2768 1974 2845 Antistitis
2036 2766 2450 2857 exemplum
2485 2819 2506 2851 ,
2547 2761 2604 2843 fi

492 2861 696 2961 quod
729 2881 933 2943 antea
970 2866 1232 2947 dictum
1276 2868 1376 2945 est
1399 2923 1421 2954 ,
1448 2868 1520 2944 id
1568 2870 1771 2944 omni
1812 2883 2141 2961 tempore
2164 2912 2184 2946 ,
2222 2862 2605 2961 prael'ertim

492 2982 671 3038 vero
703 2961 901 3040 dum.
933 2969 1088 3045 obit
1134 2965 1522 3051 Dioecefim
1563 3014 1586 3051 ,
1645 2970 1719 3043 iu
1773 2964 2060 3062 lingulis
2112 2965 2421 3042 Paraeciis
2461 2965 2606 3039 im·

492 3059 813 3163 pleverit·
885 3064 1025 3143 Sed
1053 3116 1074 3150 ‚
1126 3083 1205 3146 ut
1255 3069 1547 3166 quisque
1616 3064 1819 3149 facile
1877 3066 2211 3161 conjiciet
2244 3110 2264 3139 ‚
2308 3064 2396 3140 ad
2453 3061 2605 3149 hoc

496 3163 682 3237 vires
749 3164 900 3258 ejus
946 3189 1095 3243 non
1141 3166 1545 3268 suppetunt.
1595 3162 1968 3262 Ideoque,
2015 3178 2099 3241 ut
2152 3161 2609 3259 propositum

494 3256 890 3356 affequatur
913 3319 935 3351 ,
966 3265 1236 3349 necess'e
1281 3268 1379 3344 est
1403 3321 1427 3354 .
1452 3266 1816 3363 diligentia
1845 3308 1865 3341 ,
1893 3276 2154 3358 quanta
2188 3262 2420 3362 potest
2451 3284 2608 3338 ma-

495 3363 692 3437 xima
735 3381 975 3453 curet,
1015 3390 1104 3442 ne
1130 3373 1201 3444 in
1246 3368 1437 3453 aliis,
1468 3390 1656 3463 quos
1698 3378 1844 3441 tam
1878 3362 2276 3447 laudabilis.
2306 3378 2605 3455 tamque

496 3458 835 3547 fruduosn
883 3472 1119 3563 operis
1166 3466 1491 3549 Vicarios
1529 3464 1900 3547 constituit
1937 3506 1960 3546 ³
2000 3463 2308 3544 studium
2334 3516 2355 3548 .
2394 3485 2480 3540 ac
2500 3459 2603 3551 se·
2735 3492 2739 3499 ·

495 3560 748 3647 dulitas
791 3564 1242 3650 defideretur·
2153 3612 2178 3641 .

598 3656 778 3742 Duo
819 3665 1253 3759 potissimum
1294 3692 1512 3747 onera
1572 3689 1613 3744 a
1648 3662 2070 3749 Tridentina
2112 3656 2417 3763 Synodo
2450 3657 2605 3738 Cu-

495 3767 845 3839 tatoribus
885 3771 1276 3851 animarum
1321 3770 1481 3859 sunt
1507 3764 1889 3864 impolita3
1935 3761 2233 3839 alterum
2279 3776 2359 3835 ut
2387 3757 2604 3841 Festi·

496 3856 743 3935 diebus
783 3860 873 3936 de
913 3870 1121 3943 rebus
1165 3871 1420 3943 divinis
1465 3866 1867 3942 sermonem
1921 3861 2007 3937 ad
2069 3859 2425 3956 populum
2477 3860 2607 3936 ba·

499 3954 715 4041 beant
738 4002 758 4032 ³
787 3958 1089 4047 alterum
1113 4014 1135 4046 ‚
1166 3982 1247 4049 ut
1294 3988 1556 4056 pueros
1587 4017 1609 4046 .
1636 3962 1708 4036 δι
1749 3958 2069 4038 rudiores
2112 3956 2431 4055 quosque
2495 3959 2610 4034 di-

499 4056 683 4133 vinae
733 4056 950 4154 legis,
1007 4061 1316 4160 fideique
1377 4062 1795 4140 rudimentis
1832 4054 2244 4133 informent·
2292 4055 2364 4131 Si
2415 4056 2609 4143 statis

501 4154 750 4243 diebus
800 4183 953 4239 eam
1003 4158 1298 4240 Parochi
1336 4162 1774 4238 concionem
1829 4155 2428 4251 habebunt,quae
2451 4178 2607 4235 non

500 4244 1050 4352 persuafibilibus
1139 4262 1469 4342 humanm
1554 4260 1877 4355 apientiae
1943 4257 2171 4331 verbis
2246 4256 2610 4352 obstrepat

498 4359 824 4447 auribus,
868 4358 983 4436 sed
1022 4365 1261 4456 captui
1299 4356 1513 4442 audit'
1548 4381 1709 4435 rum
1765 4354 2307 4441 accommodata
2355 4360 2423 4430 in
2478 4380 2608 4431 eo·

499 4478 660 4533 rum
708 4461 984 4543 animos
1028 4460 1427 4549 ostenfione
1479 4461 1775 4559 Spiritus
1821 4456 2137 4533 illabatur
2186 4453 2294 4548 311
2344 4455 2608 4559 myste-

501 4558 686 4632 rium
725 4559 1018 4654 aliquod
1062 4565 1632 4639 annuntiabunt‚
1682 4561 1755 4634 in
1803 4558 2044 4655 primis
2092 4578 2263 4633 vero
2308 4603 2329 4638 ‚
2395 4552 2600 4665 quod

505 4677 598 4731 eo
636 4671 965 4753 tempore
996 4656 1293 4749 Ecclefia
1326 4662 1619 4742 recolit,
1666 4683 1747 4735 ea
1803 4654 2238 4747 disserentes,
2296 4678 2454 4753 quae
2505 4654 2598 4738 ad
2675 4708 2686 4715 -

505 4758 844 4839 virtutem
886 4761 1353 4847 incitamento
1395 4760 1567 4941 13⁸3.
1599 4758 1670 4834 δι
1700 4759 1788 4835 ad
1817 4760 1980 4838 vitia
2024 4756 2359 4861 fugienda
2381 4802 2406 4871 .'
2440 4777 2604 4854 gra·

1574 4883 1626 4937 o
1682 4878 1720 4955 3
2329 4878 2486 4941 vio-
