3175 5384
594 741 897 865 quibus
962 742 1194 855 Dog.
1227 742 1311 833 δι
1366 735 1672 859 Discip.
1707 737 2335 843 confirmantur.
2420 770 2614 858 543,

497 917 611 1001 vel
640 914 779 997 Dei
802 912 1059 995 oculos
1092 967 1115 999 .
1156 912 1375 1013 qui&
1400 911 1817 993 illuminabit
1841 912 2244 995 abscondita
2269 916 2620 998 tenebra--

493 1040 663 1102 rum
690 1058 712 1094 2
751 1016 821 1091 δι
860 1010 1626 1097 manifestabitconmia
1659 1012 1992 1099 cordium
2015 1068 2042 1103 .
2065 1014 2278 1101 latere
2297 1070 2320 1103 .
2349 1015 2459 1101 vel
2482 1018 2594 1097 su·

628 1118 725 1193 mi
755 1114 996 1192 'udicis
1018 1155 1041 1189 2
1082 1114 1211 1209 qui
1234 1134 1383 1189 uon
1407 1110 1670 1191 fallitur
1689 1166 1712 1198 .
1759 1135 2058 1193 examen
2093 1112 2408 1213 effugere
2427 1114 2596 1215 poi:-

604 1229 680 1295 t:
722 1138 880 1293 glos
902 1202 1343 1297 attendentes
1363 1259 1387 1297 2
1466 1210 1616 1289 uod
1659 1208 1974 1293 Clericus
1995 1261 2016 1296 ,
2055 1215 2181 1310 qui
2213 1228 2592 1313 tantopere

497 1314 875 1395 mundanis
908 1312 1168 1397 divitiis
1195 1332 1405 1406 paran
1456 1314 1513 1389 is
1540 1310 1810 1411 inhiat,
1847 1310 2156 1393 coelestia
2190 1312 2592 1413 despicere.

499 1416 575 1492 δι
606 1436 739 1509 pro
765 1411 985 1491 nibsso
1014 1424 1259 1505 putare
1284 1410 1737 1493 convincitur
1755 1463 1779 1499 ,
1806 1410 1878 1489 &
1902 1410 2102 1506 quod
2130 1408 2442 1497 Clericus
2468 1436 2596 1491 ue-

495 1516 812 1611 gotiator
843 1533 934 1589 ex
974 1512 1192 1607 inope
1214 1510 1408 1585 dives
1431 1564 1454 1596 ,
1484 1509 1557 1585 &
1605 1532 1696 1587 ex
1727 1510 2021 1607 ignobili
2062 1506 2409 1609 gloriosus
2439 1529 2595 1591 tan-

497 1633 715 1712 quam
745 1610 948 1706 pestis
967 1664 989 1697 ,
1014 1624 1103 1687 ut
1139 1604 1218 1691 Β.
1241 1606 1729 1707 Hieronymus
1757 1610 2011 1697 docet,
2041 1608 2416 1706 fugiendus
2442 1610 2588 1702 est.

493 1713 586 1791 ad
618 1710 980 1788 exitiosam
1010 1708 1416 1797 huiusmodi
1474 1706 1700 1784 labem
1755 1711 1843 1785 ab
1887 1706 2343 1788 ecclefiastico
2386 1728 2594 1791 coetu

500 1807 997 1891 eliminandam
1024 1862 1042 1891 .
1068 1808 1144 1885 δι
1165 1822 1243 1888 ut
1265 1806 1496 1885 fando
1515 1804 1835 1893 Ecclefiae
1856 1805 1992 1887 Dei
2011 1808 2369 1887 famulatui
2399 1810 2598 1889 addi.-

496 1910 588 1988 di
614 1908 703 1987 ab
721 1908 923 1985 omni
947 1909 1169 2011 turpis
1190 1906 1366 1986 lucri
1387 1907 1769 2004 cupiditate
1789 1906 2250 1987 abhorrentes
2268 1908 2598 2007 studeant

496 2010 682 2087 bene
702 2030 915 2105 agere
934 2062 959 2095 ,
1005 2008 1079 2087 δι
1101 2007 1349 2084 divites
1378 2002 1525 2083 fieri
1554 2008 1626 2082 in
1647 2008 1856 2089 bonis
1897 2008 2235 2102 operibus
2254 2062 2279 2094 .
2313 2006 2595 2105 theseu-

494 2112 798 2187 rizantes
820 2102 945 2189 libi
971 2104 1509 2191 fundamentum
1534 2104 1810 2183 bonum
1830 2108 1900 2183 in
1923 2104 2242 2189 futurum
2260 2162 2280 2194 ,
2303 2130 2585 2198 omnen,

495 2208 575 2295 ,ἀ
623 2205 923 2306 lingulas
956 2226 1449 2283 ·romanorum
1499 2202 1930 2285 Pontificum
2001 2202 2604 2297 Praedecess‘orum

495 2305 909 2385 nostrorum
969 2304 1470 2403 praedictorum
1510 2302 2055 2383 constitutiones
2089 2353 2107 2385 .
2167 2304 2593 2405 illarumque

494 2404 887 2507 quamlibet
907 2406 1157 2482 contra
1184 2406 1652 2500 quoscunque
1689 2400 2007 2481 Clericos
2048 2402 2325 2485 illicitos
2359 2429 2591 2501 negog-

492 2512 781 2585 tiatoree
822 2503 1154 2601 desuper.
1186 2501 1740 2598 quomodolibet
1766 2500 2137 2599 respective
2164 2506 2594 2601 cum-omni-

492 2606 671 2699 bus,
706 2604 779 2681 δι
815 2600 1099 2701 singulis
1125 2607 1360 2698 poeuis
1404 2618 1657 2680 contra
1680 2600 1963 2687 eosdem
2005 2598 2321 2683 Clericus
2348 2602 2591 2683 illicite

492 2706 941 2802 negotiantes
962 2701 1218 2789 editas,
1260 2724 1435 2798 quas
1477 2702 2018 2779 constitutiones
2060 2701 2469 2797 hujusmodi
2500 2724 2591 2785 ιο

491 2825 765 2881 eratum
792 2800 1180 2901 quamlibet
1208 2800 1656 2899 presentibus
1682 2801 1771 2876 de
1796 2804 2015 2880 verbo
2035 2801 2122 2877 ad
2147 2804 2443 2880 verbum
2478 2804 2593 2881 ni-

492 2901 644 2979 hilo
674 2904 951 2999 penitus
988 2898 1244 2978 omisso
1282 2923 1417 3001 pro
1452 2900 1716 2976 insertis
1742 2898 1978 2976 haberi
2022 2900 2392 2984 volumus,
2427 2923 2594 2979 mo-

492 3014 586 3177 ξξὲ
623 3023 758 3175 ¹²32
762 2998 1707 3199 '32353131'503‘1225252522
1724 3022 2116 3193 amit-¹3
2117 3000 2591 3177 Sffi‘fflss

491 3219 841 3276 novamus
865 3239 884 3273 ,
928 3194 1433 3279 confirmamus
1457 3252 1477 3283 .
1512 3199 1583 3273 &
1623 3198 2099 3295 approbamus
2135 3252 2156 3284 ‚
2196 3198 2426 3295 eisque
2452 3247 2474 3279 2
2509 3200 2589 3283 dc

489 3319 730 3373 earum
755 3296 1042 3374 cuilibet
1081 3318 1352 3377 novum
1401 3296 1803 3396 apostolieae
1833 3295 2215 3384 firmitatis,
2241 3300 2310 3373 ἃ
2355 3300 2587 3375 invio-

488 3395 705 3482 labilis
752 3396 1204 3487 observantia:
1232 3400 1451 3473 robur
1494 3395 1860 3475 adiicimus
1890 3451 1911 3483 ,
1950 3395 2228 3495 illasque
2257 3395 2350 3474 lic
2376 3399 2591 3474 inno·

492 3495 1243 3580 vatasvconfirmatam
1278 3496 1353 3573 δε
1392 3499 1811 3594 approbatas
1864 3519 2032 3593 cum
2078 3498 2458 3584 omnibus,
2508 3498 2586 3579 δε

489 3594 780 3694 lingulis
807 3600 1040 3694 poenis
1066 3600 1137 3673 in
1174 3600 1270 3673 eis
1291 3645 1311 3680 ‚
1336 3597 1407 3673 ἃ
1432 3620 1667 3674 earum
1691 3595 2002 3697 qualibet
2021 3597 2340 3676 adversus
2363 3594 2588 3691 Cleri.

486 3716 615 3773 cos
646 3696 924 3774 illicitos
955 3698 1425 3790 negatiatores
1472 3696 1875 3791 hujusmodi
1916 3700 2272 3775 contentis
2296 3695 2382 3771 ad
2417 3696 2579 3791 Cle-¹

488 3796 675 3869 ricos
702 3793 933 3869 illicite
953 3796 1077 3870 sub
1095 3794 1326 3877 alieno
1371 3794 1522 3871 laici
1554 3802 1847 3871 nomine
1877 3796 2431 3891 quomodolibet
2459 3818 2588 3871 ne.

488 3893 881 3987 gotiantes,
932 3891 1222 3987 perinde
1265 3916 1347 3967 ac
1394 3890 1443 3969 fi
1497 3914 1623 3989 per
1663 3891 1958 3987 seipsos,
2006 3916 2090 3969 ac
2128 3896 2426 3990 proprio
2457 3916 2587 3971 eo·

490 4011 649 4069 rum
689 3992 985 4065 nomine
1026 3993 1313 4087 negotia
1344 3990 1479 4080 ipsa
1528 3991 1762 4067 illicita
1789 4007 2244 4077 exercerent.
2298 4014 2588 4081 omnes-

486 4110 682 4184 que,
732 4088 806 4163 &
852 4085 1139 4183 lingulae
1183 4088 1790 4176 constitutiones,
1828 4111 2211 4181 earumque
2252 4089 2592 4187 quaelibee

488 4186 811 4269 adversus
838 4211 962 4263 eos
986 4187 1279 4285 desuper
1312 4188 1514 4267 editae
1539 4184 1853 4274 fuissent.
1881 4188 1948 4263 δι
1978 4191 2048 4263 in
2077 4192 2171 4264 eis
2192 4244 2215 4276 ,
2242 4190 2312 4265 Sc
2341 4214 2582 4271 earum

486 4290 800 4381 qualibet
822 4284 1117 4386 expressi
1141 4334 1160 4363 2
1198 4289 1265 4363 Gr
1299 4286 1739 4363 denominati
1786 4290 2252 4384 reperirentur
2277 4340 2298 4373 ,
2325 4290 2582 4383 motu'.

489 4388 563 4465 δι
610 4387 967 4482 potestatis
1010 4387 1450 4485 plenitudine
1497 4384 1794 4484 praefatis
1852 4402 2202 4485 perpetuo
2259 4390 2588 4469 extendi..

490 4508 648 4565 mus
669 4539 693 4574 ,
721 4488 790 4565 sc
814 4486 1227 4584 ampliamus
1253 4514 1272 4580 3
1302 4486 1732 4583 illorumque
1763 4490 2003 4565 omnia
2022 4544 2043 4574 .
2073 4488 2142 4565 Gt
2168 4490 2431 4589 lingula
2453 4493 2582 4566 bo-

490 4608 579 4662 na
612 4586 702 4661 lic
730 4584 817 4661 ab
841 4591 935 4661 eis
958 4585 1188 4662 alieno
1214 4588 1764 4664 nomineillicite
1783 4586 2112 4687 acquisita
2148 4588 2266 4667 sub
2290 4593 2584 4667 inevita-

491 4686 611 4769 bili
636 4684 834 4783 spolii
878 4708 1095 4783 poena
1116 4688 1203 4771 ad
1223 4688 1526 4773 formam
1549 4688 2068 4787 constitutioni-s
2098 4686 2211 4773 fel·
2233 4688 2586 4771 recordat·

1204 4896 1223 4915 ι
1383 4782 1695 4883 Mm3
1984 4872 1995 4882 ,
2375 4787 2483 4875 Pii
