3175 5384
213 388 364 508 quibus
377 387 493 499 Dog.
509 378 715 496 &Discip
736 349 1049 480 confinnantur.
1104 406 1188 494 571

116 615 119 632 ·
139 564 289 644 tutionis
311 575 433 657 parte,
448 556 665 656 quamottis
693 554 882 633 articulum
898 552 1058 650 respicit,
1080 552 1187 632 dubi.

142 668 293 741 tationes
316 660 480 756 quasdam
504 670 648 734 exortas
669 652 768 732 fuisse
789 656 1015 751 accepimus,
1033 677 1186 749 quatum

140 763 393 840 resolutionem
414 761 552 852 privato
572 753 814 850 culuscunque
828 755 965 848 iudicio
984 754 1188 854 relinquen.

140 863 223 939 darn
258 864 406 937 minime
436 857 671 934 existimamus
695 902 708 938 ‚
733 878 778 930 ne
802 854 862 931 lex
891 854 1033 934 incertis
1060 856 1187 948 conje-

142 964 247 1039 cturis
277 958 566 1057 &opinionibus
587 956 710 1049 jactata
728 955 763 1029 in
789 952 943 1032 sensata
971 969 1091 1031 mente
1116 976 1187 1030 no.

139 1063 206 1139 sita
255 1059 389 1136 alienus
421 1056 564 1135 forsitan
607 1052 852 1136 distrahatur,
890 1051 1035 1148 ejusque
1078 1056 1186 1150 sigor
1340 1060 1343 1064 ’

140 1160 306 1255 paulatim
338 1159 545 1272 laugqeat·2
576 1171 684 1330 atque
715 1170 914 1270 enervetur·
971 1151 1069 1231 Hinc
1103 1154 1187 1240 eli,

140 1262 240 1356 quod
278 1280 346 1335 nos
380 1279 529 1333 ornnem
578 1256 627 1332 du
653 1254 760 1329 itandi
795 1266 972 1331 tattonem
1007 1269 1187 1351 quantum

138 1381 226 1437 cunt
259 1355 425 1435 Domino
462 1350 679 1451 possumus.
715 1352 762 1427 de
799 1353 920 1446 medio
953 1354 1088 1432 auserte
1121 1377 1188 1431 cu.

134 1457 299 1552 pientes.
327 1471 430 1532 mutu
456 1456 625 1553 proprio,
646 1453 1091 1535 amentissimum&
1109 1466 1188 1532 ma·

137 1576 215 1635 tuta
235 1555 484 1655 deliberatione
508 1554 652 1635 nostrin
665 1554 781 1653 deque
797 1551 1008 1644 Apostolicae
1031 1555 1187 1650 potesla-

135 1663 179 1734 tia
207 1656 424 1754 plenitudine
452 1668 684 1731 memoratam
701 1646 1008 1732 Constitutionem
1030 1654 1191 1738 notram

136 1780 221 1833 cum
243 1758 437 1839 omnibus,
471 1754 509 1830 δι
536 1751 677 1849 fingulir
702 1757 738 1827 in
759 1775 798 1828 ea
829 1758 1035 1838 contentis,
1057 1770 1191 1838 tenore

135 1848 1188 1955 prael‘entium.quatenusopussrt.conllrtuamur,illamque

136 1959 303 2053 integre,
321 1960 479 2048 penitus,
499 1953 534 2029 dt
553 1956 728 2029 omnino.
749 1969 858 2048 atque
874 1953 919 2030 ab
942 1952 1007 2029 illis
1026 1955 1186 2048 adquae

119 2055 285 2151 spectat,
307 2055 343 2128 de
365 2076 431 2146 pro
452 2068 615 2148 tempore
631 2049 922 2163 quandocunque
941 2050 1108 2151 sudabit
1131 2057 1190 2132 iu·

136 2154 343 2233 violabiliter
363 2207 374 2241 ,
394 2155 429 2227 de
464 2149 670 2227 inconculle
705 2152 877 2228 observari
899 2158 1121 2252 precipimus
1143 2158 1186 2232 da

135 2256 354 2330 mandamus.
407 2250 574 2329 Praeterea
600 2250 716 2326 habita
739 2249 913 2350 superbis
936 2275 1019 2331 cum
1039 2275 1187 2330 veneta·

135 2354 195 2430 blli
210 2351 328 2430 fratre
343 2354 466 2426 nostro
486 2349 676 2427 Vincentio
696 2348 870 2448 Episcopo
883 2350 1095 2430 Praenestino
1109 2351 1186 2430 satt-

136 2454 200 2531 llae
220 2475 376 2530 tomanae
401 2449 559 2528 Ecclostae
571 2446 748 2527 Cardinali
763 2447 861 2527 Petra
880 2470 1089 2549 nuncupato
1102 2448 1187 2530 l’ue·

136 2554 339 2629 nitentiario
365 2551 488 2626 nolito
507 2550 653 2642 maiori.
671 2548 861 2625 aedileslis
884 2547 959 2625 filiis
981 2550 1088 2627 officii
1104 2563 1186 2647 poee
1288 2569 1294 2584 ·

135 2654 342 2728 nitentiariae
366 2648 577 2747 spostolicae
590 2648 767 2734 ministris,
783 2652 846 2745 qui
862 2672 938 2726 tem
955 2648 1046 2746 jussu
1059 2652 1187 2730 nostru

133 2765 272 2830 mature
295 2751 571 2850 perpepderent.
589 2747 858 2834 deliberatione.
879 2764 1001 2839 motu.
1020 2751 1184 2842 scientia.

135 2851 174 2926 ἃ
194 2848 373 2947 potestatis
397 2849 614 2942 plenitudine
633 2851 772 2944 paribus
797 2847 991 2930 edicimus,
1013 2849 1192 2940 acdecla·¹

133 2972 275 3028 ramus,
301 2949 424 3026 eadem
437 2946 704 3025 Constitutione
730 2946 896 3043 langulis.
912 2965 955 3026 ut
975 2949 1099 3047 supra,
1120 2950 1187 3028 Sa·

132 3049 365 3133 cerdotibus.
399 3046 707 3146 quemadmodum
726 3049 951 3128 intercidum
972 3073 1049 3127 uon
1070 3051 1120 3132 est
1142 3053 1184 3130 in

131 3152 259 3226 ntortia
290 3148 439 3225 articulo
453 3146 637 3241 personam
661 3150 697 3223 ln
721 3149 889 3239 preditlo
912 3153 1006 3246 turpi
1030 3171 1186 3245 peccato

132 3250 348 3344 complicem
370 3247 602 3325 confitentem
631 3250 775 3326 audire,
802 3267 909 3347 atque
930 3251 975 3325 ab
997 3249 1185 3345 hujusmo-

133 3348 170 3423 di
199 3372 348 3445 quoque
371 3348 476 3444 culpa
499 3350 767 3425 titecoutritam
782 3348 1187 3430 absolvere‚deficiente

132 3463 221 3523 tunc
244 3469 463 3540 quocunque
482 3447 551 3522 alio
562 3446 777 3531 Sacerdote,
801 3437 1081 3545 quiConsessatii
1102 3474 1185 3529 mu·

130 3567 198 3622 nus
237 3549 337 3620 obire
388 3540 492 3637 pollit
518 3564 531 3633 3
557 3547 604 3618 ita
629 3546 789 3621 interdici
813 3569 851 3620 re
875 3545 967 3642 ipsa,
993 3548 1029 3619 dr
1057 3549 1182 3641 prohi-

135 3646 209 3720 beri
232 3642 398 3739 praeditlo
423 3643 537 3718 modo
562 3657 649 3719 tunc
668 3641 818 3729 audite,
844 3641 882 3719 dt
907 3641 1113 3735 absolvere.
1141 3663 1184 3728 ut

133 3742 159 3820 st
193 3744 278 3820 alius
304 3742 427 3837 aliquis
451 3742 622 3818 Sacerdos
645 3764 719 3815 non
740 3740 909 3830 desuerit,
929 3746 1061 3823 etiamst
1086 3747 1188 3825 forte·

92 3935 98 3940 ,
132 3841 196 3921 iste
213 3842 298 3920 alius
316 3840 463 3935 simplex
479 3839 734 3918 tantummodo
754 3840 927 3920 Sacerdos
949 3843 1054 3924 suerit
1074 3902 1086 3933 ,
1110 3847 1183 3926 uve

133 3944 215 4021 alias
223 3941 267 4018 ad
278 3938 508 4019 consessiones
522 3942 710 4018 audiendas
721 3964 798 4020 non
811 3947 1027 4039 approbatus
1043 3993 1055 4031 ‚
1073 3948 1182 4043 possit

133 4042 364 4120 nibilominus
388 4042 457 4138 ipse
486 4039 656 4119 Sacerdos
674 4039 823 4140 simplex
849 4042 1102 4124 consessionem
1116 4072 1183 4129 err.

132 4147 284 4239 cipere.
313 4164 356 4219 ac
379 4142 637 4218 absolutionem
660 4144 850 4239 impertire.
892 4140 1008 4222 Porro
1037 4146 1185 4228 licasue

132 4243 293 4336 urgentis
305 4241 451 4337 qualitas
463 4295 472 4325 ,
486 4241 522 4315 de
534 4257 785 4321 concurrentes
794 4231 1077 4332 circumstantias.
1095 4270 1185 4344 quae·

131 4341 234 4421 vitari
261 4358 339 4417 nou
366 4336 527 4441 point,
548 4342 721 4439 ejusmodi
740 4343 868 4425 luerim
879 4398 895 4436 ,,
905 4360 945 4425 ut
954 4343 1040 4426 altus
1056 4346 1184 4427 Sacer.
1216 4372 1217 4376 ¹

184 4439 280 4518 Tmo
301 4442 351 4527 X.
627 4432 667 4521 0
690 4461 719 4524 θ
1060 4446 1128 4529 dm
