3175 5384
335 753 417 844 574
588 799 591 810 -
691 729 977 826 Monumenta

377 905 473 1001 Quia
497 919 585 983 veto
605 901 792 984 scientibus
814 905 930 1002 legem
952 901 1170 1002 loquum,
1202 899 1246 980 dt
1269 902 1391 1001 sigsst

327 1001 562 1085 Eccleisatum
578 1005 765 1083 hortamur
784 1007 984 1087 antistites,
999 1008 1128 1106 quibus
1144 1026 1215 1080 nec
1229 1007 1390 1099 olentis·

325 1128 396 1185 nec
414 1105 478 1183 alia
500 1105 672 1184 sacrarum
688 1106 865 1182 literarum
892 1106 1015 1181 desunt
1030 1101 1210 1199 presidia,
1224 1104 1389 1204 sumena-

320 1205 647 1285 cisneumducimus
657 1261 669 1293 ,
681 1206 840 1300 plurimis
851 1226 978 1303 urgere
991 1209 1234 1300 argumentis,
1250 1227 1329 1282 non
1341 1203 1388 1282 ss-

322 1307 369 1383 tls
392 1299 461 1384 effe
492 1305 538 1384 ad
578 1303 758 1383 coelestem
784 1308 1037 1381 beatitudinem
1068 1299 1386 1400 assequendamin

321 1405 534 1488 consulum.
553 1407 590 1482 de
616 1405 777 1482 involute
801 1404 923 1482 aDeo
942 1403 1112 1483 revelata,
1138 1405 1175 1478 dt
1198 1407 1248 1481 ab
1266 1404 1384 1484 tecte·

318 1503 364 1582 tta
392 1503 564 1584 catholica
578 1504 762 1605 proposita
778 1505 936 1605 mysteria
949 1501 1183 1596 credere„;sed
1198 1504 1381 1584 hnccoe-

316 1602 644 1683 lestemdosirinam
659 1605 826 1680 divinitus
841 1603 1024 1689 traditam.
1046 1603 1177 1700 &qua
1191 1626 1243 1682 ex
1257 1605 1381 1684 auditu

315 1705 718 1904 stttltldtsst
731 1702 1381 1902 'silslsilsssllszlts

316 1919 405 1992 tut,
431 1907 468 1981 te
488 1927 614 1982 eorum
634 1903 750 2004 aliqua
774 1901 972 1981 neceffitate
994 1903 1100 1979 medii
1117 1949 1128 1981 2
1154 1906 1277 2005 aliqua
1294 1928 1380 1985 vero

316 2002 519 2090 necessitate
543 2010 708 2102 precepti
739 2000 899 2080 fidelibus
925 2005 969 2078 ad
991 2002 1220 2080 credendum
1244 2027 1379 2104 propo·

316 2119 459 2183 ttentun
488 2101 658 2182 Praeterea
680 2104 763 2180 licet
785 2103 973 2200 persidem
997 2101 1180 2193 iustificati
1196 2107 1377 2194 dicamur,

314 2225 452 2282 cumea
470 2204 511 2282 fit
531 2202 818 2284 humanaesalutis
839 2204 998 2289 initium,
1013 2205 1049 2278 δι
1069 2202 1374 2300 fundamentum

314 2304 360 2380 ad
388 2303 543 2381 suturam
561 2320 701 2390 tamen,
724 2311 834 2398 quant
854 2307 1084 2402 inquirimus,
1105 2305 1317 2389 civitatem,
1337 2323 1375 2384 ut

315 2405 703 2501 persenitealiquando
718 2427 915 2481 mereamur
934 2406 1031 2480 ‚latis
1052 2422 1292 2500 compertum
1304 2407 1375 2495 eit,

314 2502 426 2579 solam
444 2502 641 2580 fidemnon
661 2500 840 2596 sufficere3
861 2502 1026 2580 sedulam
1054 2501 1179 2588 nolle,
1209 2507 1373 2584 constan·

311 2615 440 2697 terque
456 2619 574 2679 tenere
590 2617 780 2701 oportere,
803 2626 933 2697 nempe
950 2594 1125 2699 ptaecepta
1142 2600 1241 2686 Dei,
1258 2606 1296 2680 dr
1311 2606 1374 2683 Ec·

230 2721 232 2726 ·
313 2700 451 2781 eseliae,
474 2721 551 2779 tum
572 2705 846 2798 virtutemque
864 2703 1046 2799 prosequi,
1069 2719 1148 2778 tuns
1168 2708 1278 2782 vitia,
1293 2730 1371 2805 quas

315 2799 654 2880 lludiosedeclinare
670 2804 852 2878 debemus·
881 2801 1275 2899 Quaequidentotnns'a
1288 2830 1370 2885 cum

311 2904 434 2997 primis
450 2903 633 2981 catholicas
665 2900 747 2980 fidel
772 2903 1007 2989 rudimentis,
1025 2902 1093 2976 lise
1110 2905 1303 2994 doctriua,
1328 2925 1368 2986 ut

308 3003 411 3095 ajunt
433 3059 444 3090 ,
467 3001 649 3080 christiana
672 3004 946 3080 contineantur,
965 2999 1183 3096 Episcopalis
1211 3013 1365 3086 muneris

305 3098 1363 3303 stitisseststtrslstristisistst

303 3297 340 3376 se
363 3296 557 3398 Episcopus
571 3301 640 3375 line
654 3305 763 3378 tacito
775 3300 997 3379 conscientie
1011 3306 1177 3381 convitio
1192 3306 1287 3384 illam
1301 3333 1362 3387 ne·

302 3396 459 3496 gligere,
474 3401 530 3476 led
547 3404 581 3475 in
595 3401 667 3475 lroc
685 3423 778 3498 opus
793 3407 948 3479 manime
969 3399 1204 3483 necessatium
1215 3430 1361 3486 omnem

301 3520 447 3584 curam,
470 3500 739 3597 &diligentiam
767 3502 930 3577 conferre
944 3503 1080 3580 debete

353 3594 393 3673 ld
412 3617 530 3675 tannen
552 3602 674 3674 oneris·
691 3623 765 3675 non
789 3604 836 3676 ita
864 3601 1039 3701 Episcopo
1064 3606 1358 3704 impolimneffe·

299 3697 556 3795 intelligimus,
574 3714 614 3775 ut
635 3697 784 3793 ipseper
808 3701 841 3776 se
859 3703 1028 3779 dosltinae
1052 3703 1256 3789 christiane
1269 3712 1356 3788 sem·

138 3867 145 3882 ,
300 3817 365 3893 per
387 3799 519 3876 intersit
539 3853 549 3883 ‚
573 3821 703 3894 pueros
726 3803 922 3899 interroget
947 3856 956 3887 .
988 3805 1024 3879 δι
1053 3807 1224 3906 mysteria
1245 3811 1355 3903 lidos,

299 3919 411 3993 quam
445 3897 679 3994 profitemur,
704 3908 847 3992 aperiat.
902 3900 1064 3981 Nimium
1089 3909 1231 4004 quippe
1251 3918 1355 3991 nosi-

297 4018 380 4074 mus
402 4045 412 4079 ,
437 4002 473 4074 in
498 3999 675 4094 pastoralis
707 3997 935 4077 solicitudinis
951 4026 1110 4080 ‚munere
1134 4015 1354 4107 ptaegravari

294 4096 510 4191 spostolicae
528 4098 699 4177 scrutatis
717 4097 869 4189 sarcina.
892 4125 934 4179 ac
958 4103 1061 4197 mane
1082 4106 1352 4201 intelleximus.

291 4218 376 4274 eum
404 4200 663 4274 Anconitanum
698 4223 855 4288 utimum
880 4256 891 4289 ,
917 4201 1046 4281 deinde
1077 4204 1352 4293 Bononiensem

288 4290 479 4372 Ecclesiam
501 4321 722 4396 tegeremus,
739 4300 884 4379 multis,
901 4304 1069 4402 variisque
1093 4329 1269 4389 curarum
1290 4337 1350 4390 se.

109 4437 114 4447 ·
233 4441 257 4496 Ι.
285 4393 353 4474 luti
375 4393 536 4474 inustus
556 4399 672 4490 jactari
693 4396 874 4476 Ptaesulem
894 4401 958 4479 suo
976 4403 1051 4482 satis
1067 4415 1211 4487 muneri
1230 4411 1348 4491 faceto

210 4515 212 4520 ·
254 4498 503 4595 ,cupientem
551 4494 593 4574 ld
622 4520 708 4576 vero
735 4496 896 4577 futurum
920 4499 1136 4586 affirmamus
1165 4563 1177 4598 ,
1209 4509 1235 4588 fi
1264 4510 1344 4611 Epi·

134 4667 135 4672 a
260 4659 276 4678 .,
320 4618 434 4693 opus,
454 4598 569 4672 alieno
597 4603 703 4676 etiam
727 4621 747 4675 a
771 4600 969 4680 visitatione
980 4605 1156 4684 Dioecelis
1175 4626 1345 4709 tempore

283 4697 504 4795 quandoque
521 4696 608 4779 adst
619 4755 632 4790 ,
643 4700 704 4780 ubi
720 4696 877 4782 dosirina
889 4706 1039 4786 traditus
1059 4705 1257 4790 christiano
1273 4713 1342 4793 lto·
