3175 5384
518 752 689 860 '446
1218 740 1781 835 monumenta

522 924 833 1019 plicitate
860 971 880 1001 ,
914 912 1457 1017 sanstorumque
1492 918 1773 995 Parrum
1817 914 2186 1013 dossrina3
2221 920 2296 997 δι
2333 942 2570 1019 quem
2606 922 2656 1006 fi

522 1046 659 1118 pro
688 1018 864 1093 reela
902 1016 1137 1110 regula
1178 1016 1411 1092 fideles
1469 1022 1539 1093 in
1578 1022 1778 1114 praxi
1835 1018 2338 1115 sequerentur,
2389 1048 2651 1121 ingens

520 1138 853 1217 eruptura
904 1114 1069 1190 effer
1102 1116 1483 1194 christianae
1547 1126 1710 1194 vitae
1761 1120 2188 1213 corruptela.
2259 1121 2526 1219 Quare
2561 1150 2652 1204 ne

520 1220 673 1295 ullo
724 1240 1041 1311 unquam
1098 1232 1427 1311 tempore
1467 1222 1650 1293 viam
1701 1216 1972 1303 salutis,
2030 1242 2250 1316 quam
2311 1240 2646 1317 suprema

518 1323 771 1393 veritas
820 1316 1067 1398 DeuS,
1124 1319 1327 1409 cujus
1375 1320 1582 1393 verba
1647 1322 1716 1390 in
1759 1337 2102 1394 aeternum
2155 1342 2644 1417 permanent,

514 1418 771 1495 aretam
814 1412 947 1488 effe
970 1412 1283 1488 definivit
1308 1472 1327 1500 .
1364 1420 1435 1491 in
1458 1424 1848 1493 animarum
1883 1422 2270 1515 perniciem
2311 1425 2642 1511 dilatari,

512 1518 629 1594 seu
690 1520 915 1590 verius
971 1519 1275 1605 perverti
1348 1520 1800 1611 contingeret
1856 1570 1878 1602 ,
1926 1517 2114 1594 idem
2173 1522 2636 1603 sandissimus

511 1616 881 1695 Dominus
933 1612 1167 1690 noster
1212 1657 1230 1691 ι
1290 1634 1369 1690 ut
1410 1638 1583 1692 oves
1625 1615 1746 1690 fibi
1793 1620 2087 1693 creditas
2127 1621 2218 1693 ab
2267 1624 2630 1713 ejusmodi

508 1716 802 1813 spatiosa
826 1764 844 1795 ‚
870 1714 1147 1808 lataque
1172 1766 1197 1797 .
1232 1736 1355 1809 per
1390 1738 1610 1811 quarn
1659 1724 1798 1790 itur
1829 1716 1919 1789 ad
1953 1720 2440 1812 perditionem
2473 1776 2498 1809 ,
2525 1728 2632 1802 via

510 1842 647 1915 pro
696 1814 1018 1907 pastorali
1080 1812 1523 1891 solicitudine
1575 1818 1646 1889 in
1693 1814 1950 1891 rec'tam
1997 1818 2310 1893 semitam
2364 1846 2630 1899 evoca-

506 1936 655 1999 ret,
706 1910 1113 1990 earumdem
1162 1919 1592 2005 opinionum
1623 1938 1922 1989 examen
1969 1918 2284 2014 pluribus
2313 1921 2392 1995 in
2438 1920 2624 2001 saera

502 2016 913 2107 'theologia
954 2014 1291 2108 magistris
1334 2017 1405 2089 δι
1458 2014 1715 2089 deinde
1753 2014 2102 2092 Eminent.
2140 2022 2210 2093 δι
2243 2016 2413 2101 RR.
2437 2020 2616 2099 DD.

508 2117 996 2194 Cardinahbus
1020 2132 1269 2187 contra
1296 2114 1688 2189 haereticam
1725 2120 2138 2210 pravitatem
2161 2123 2616 2213 generalibus

502 2216 1045 2311 Inquisitoribus
1087 2216 1264 2289 serio
1328 2216 1729 2301 commilit;
1759 2218 1882 2308 qui
1922 2233 2199 2292 tantum
2227 2228 2614 2317 negotium

499 2318 775 2394 strenue
802 2308 1136 2407 aggreffi.
1164 2313 1628 2411 eiquesedulo
1671 2318 2201 2399 incumbentes,
2223 2317 2298 2392 &
2338 2340 2618 2401 mature

494 2414 798 2491 discussis
840 2418 1053 2506 usque
1088 2410 1177 2485 ad
1202 2412 1387 2488 hanc
1418 2414 1604 2488 diem
1633 2413 2072 2515 infrascriptis
2099 2416 2614 2511 Propositioni-

489 2516 889 2607 bus,super
944 2531 1369 2607 unaquaque
1418 2513 1718 2607 ipsarum
1774 2516 1888 2590 sua
1921 2516 2602 2615 suffragiab'andita-

497 2617 553 2691 ti
591 2614 724 2690 suae
770 2610 1167 2702 singillatim
1212 2611 1714 2707 exposuerunt.

594 2713 997 2804 Propositio
1044 2712 1313 2803 prima:
1346 2716 1563 2783 Homo
1584 2713 1752 2781 nullo
1781 2736 2060 2810 unquam
2089 2719 2249 2787 vita
2273 2714 2406 2804 sua
2437 2736 2602 2793 tem-

481 2830 640 2907 pore
661 2830 919 2881 tenetur
940 2810 1175 2879 elicere
1206 2808 1415 2883 actum
1436 2806 1598 2898 fidei
1625 2866 1648 2899 ,
1673 2818 1808 2907 spei
1829 2870 1855 2902 ,
1879 2821 1964 2887 (θ’
2001 2815 2359 2887 charitatis
2399 2842 2490 2891 ex
2523 2820 2602 2893 vi

478 2932 939 3009 praeceptorum
967 2914 1345 2981 divinorum
1368 2922 1446 2981 ad
1480 2936 1588 2981 eas
1621 2934 1913 2985 verrutes
1941 2918 2444 3009 pertinentium.

584 3033 653 3085 2.
711 3013 775 3083 V
774 3016 835 3082 ir
864 3008 1167 3105 eque-liris
1192 3015 1273 3081 ad
1310 3012 1582 3083 ducllum
1605 3033 1998 3107 provocatus
2038 3012 2240 3112 potest
2285 3018 2452 3113 cumi
2487 3044 2594 3095 ac.
