3175 5384
645 852 947 977 quibus
975 854 1203 968 Dog.
1237 848 1649 966 &Discip.
1694 842 2314 952 confirmantur.
2432 864 2592 968 493

485 1036 789 1130 incapax
818 1030 1151 1105 virtutem
1176 1081 1198 1112 ,
1250 1047 1334 1102 ac
1372 1023 1678 1102 studium
1717 1018 2091 1117 Sanguinis
2130 1010 2294 1122 Jesu
2339 1026 2599 1107 Christi

486 1139 558 1210 in
606 1131 1048 1230 poenitentiae
1111 1124 1570 1202 Sacramento
1638 1123 2042 1221 recipiendi.
2094 1117 2174 1201 ld
2239 1127 2603 1225 perspicue

488 1232 642 1311 stitis
673 1234 890 1308 docet
935 1226 1004 1303 S.
1027 1225 1072 1300 S
1130 1227 1359 1301 nodus
1378 1221 1789 1300 Tridentina
1818 1267 1839 1303 ³
1879 1218 2337 1320 exigens‘ceu
2366 1228 2602 1320 dispo-

494 1328 820 1410 fitionem
856 1350 1028 1403 nece
1086 1327 1296 1401 ariam
1341 1323 1428 1399 ad
1456 1325 1747 1419 gratiam
1792 1318 2298 1419 justificationis
2334 1377 2357 1408 ‚
2391 1331 2607 1406 etiam
2641 1390 2652 1411 ,

494 1438 572 1510 in
622 1427 1013 1525 Baptismo,
1043 1426 1606 1522 consequendam
1633 1478 1653 1508 ,
1694 1441 1772 1500 ut
1812 1443 2146 1520 peccator
2174 1422 2420 1504 Deum
2458 1440 2612 1496 tan..

496 1546 687 1628 quam
735 1529 939 1599 omnis
982 1523 1251 1615 justicia
1301 1518 1556 1612 fontem
1596 1523 1868 1617 deligere
1924 1525 2207 1608 incipiet
2249 1551 2272 1602 .·
2327 1522 2605 1612 Falsus,

496 1627 763 1709 alienus
807 1649 895 1704 ue
921 1624 1142 1702 sensus
1163 1669 1182 1701 2
1212 1644 1426 1718 quem
1446 1617 1874 1700 Tridentino
1904 1617 2244 1701 Concilio
2272 1622 2612 1723 affingere

501 1729 743 1809 conati
798 1745 925 1805 unt
971 1726 1351 1801 attritionis
1394 1719 1649 1797 servilis
1694 1719 2132 1804 defensores.
2167 1730 2377 1801 toties
2427 1742 2615 1803 tam-

502 1853 646 1930 que
675 1825 1028 1906 luculente
1051 1823 1456 1900 confutatus
1486 1822 1584 1896 est
1614 1874 1634 1908 ,
1668 1837 1748 1899 ut
1777 1826 2175 1901 etiamnum
2219 1824 2361 1903 fine
2394 1826 2610 1922 igno-

504 1931 725 2007 rantia
780 1925 891 2001 vel
943 1923 1201 1999 malitia
1251 1924 1573 1996 renovari
1622 1942 1771 1997 non
1834 1918 2071 2022 poffit.
2115 1970 2144 2004 .

611 2027 900 2104 l’ravam
946 2025 1130 2099 illam
1163 2016 1556 2097 doctrinam
1583 2020 1670 2095 ab
1698 2026 2037 2101 omnibus
2080 2014 2387 2100 melioris
2420 2036 2616 2102 notae

506 2122 907 2221 Theologis
955 2123 1403 2216 reprobatam
1435 2117 1706 2196 summa
1750 2144 1918 2199 cum
1966 2122 2211 2204 laett‘tz'a
2270 2124 2617 2200 videmus.

508 2227 917 2327 Superiores
953 2219 1372 2320 jesuitarum
1422 2237 2002 2316 conqueruntur,
2030 2228 2236 2315 quod
2272 2220 2618 2319 spectetur

512 2346 594 2406 ut
628 2325 940 2402 doctrina
969 2322 1350 2398 societatis.
1409 2315 1674 2394 Coram
1710 2322 1916 2397 nobis
1947 2316 2392 2403 affirmarunt
2435 2322 2499 2396 se
2540 2324 2623 2396 il-

511 2426 652 2504 lam
696 2422 1008 2501 absolute
1062 2425 1395 2495 damnare
1430 2469 1446 2494 .
1496 2416 1707 2510 seque
1765 2419 1949 2498 illam
2006 2429 2212 2502 omni
2265 2447 2358 2502 ex
2421 2440 2621 2512 parte

516 2529 926 2603 sententiam
973 2519 1294 2616 ampleCli
1330 2518 1420 2592 de
1462 2514 1596 2594 Dei
1627 2542 1907 2603 amore,
1937 2540 2155 2617 quam
2203 2527 2623 2617 exprimunt

519 2627 826 2723 superius
881 2621 1238 2715 descriptae
1267 2615 1862 2717 'propositione-s..
1890 2625 2152 2719 quibus
2197 2628 2618 2700 continetur

522 2724 838 2801 doctrina
869 2776 891 2807 ,
940 2742 1156 2814 quam
1210 2720 1284 2795 in
1322 2712 1634 2796 Dioecefi
1676 2719 1910 2795 nostra
1962 2725 2184 2801 teneri
2236 2722 2618 2808 volumus,

524 2827 599 2902 δι
632 2827 976 2913 iubemus.

627 2920 824 2998 Nihil
876 2917 1173 3015 amplius
1213 2918 1393 2995 circa
1433 2912 1577 2992 hoc
1604 2932 1819 3010 caput
1850 2921 2062 2996 nobis
2110 2921 2496 2998 dleendum
2517 2916 2627 2994 su-'

532 3021 780 3121 petest·
832 3016 986 3094 Vos
1045 3033 1323 3095 tantum
1359 3015 1824 3093 adhortamur
1860 3072 1880 3103 ,
1931 3035 2012 3097 ut
2056 3019 2278 3097 sancta
2321 3021 2517 3098 haec,
2547 3017 2626 3092 St.

534 3121 970 3197 saluberrima
1010 3121 1256 3194 veritas
1290 3115 1380 3190 de
1432 3118 1690 3190 amoris
1741 3114 1878 3191 Dei
1914 3118 2312 3197 necestitate
2353 3119 2441 3196 ad
2471 3138 2634 3213 gra·

531 3224 701 3298 tiam
753 3215 1258 3315 justificationis
1323 3218 1395 3291 in
1445 3214 1904 3292 Sacramento
1955 3224 2404 3316 poenitentiae
2451 3237 2637 3292 con..

533 3316 1003 3417 sequendam,
1051 3317 1343 3393 vobisin
1372 3316 1521 3409 ejus
1568 3316 2172 3396 administratione
2217 3320 2461 3419 regula
2505 3313 2628 3403 fit,

535 3420 794 3519 quibus
826 3416 1030 3509 plene
1055 3414 1444 3515 persuasum
1485 3411 1583 3490 est
1618 3417 1816 3512 quod
1864 3421 2100 3495 omnis
2168 3420 2334 3514 ,Qui
2379 3437 2506 3490 non
2532 3417 2638 3484 di.

534 3522 730 3615 tigit,
786 3532 1003 3587 manet
1042 3523 1111 3586 in
1158 3534 1366 3585 morte
1410 3534 1436 3604 ς
1481 3538 1616 3592 nec
1660 3512 1895 3593 Deum
1953 3526 2310 3598 remittere
2343 3532 2637 3617 peccata

538 3618 665 3699 nifi
714 3617 891 3702 illis.
944 3639 1261 3715 quorum
1320 3617 1595 3693 animus
1637 3632 1948 3695 mutatus
2004 3623 2103 3698 est
2145 3675 2165 3706 ,
2216 3646 2301 3699 ac
2375 3622 2643 3698 fincere
2747 3691 2752 3695 ,

543 3716 942 3797 conversuri.
1016 3716 1374 3793 Sinceram
1420 3714 1607 3791 illam
1670 3717 2212 3798 conversionem
2268 3740 2359 3799 ex
2407 3731 2638 3796 muta·

547 3821 746 3893 tione
778 3821 982 3899 vitae.
1019 3814 1389 3908 dignisque
1432 3817 1874 3911 poenitentiae
1929 3818 2264 3897 fructibus
2309 3820 2646 3914 explora-

547 3929 695 3992 tam
742 3916 815 3992 &
860 3916 1231 4010 probatam
1265 3914 1627 4000 habeatis;
1680 3938 1813 3990 nec
1865 3922 1992 3986 Pro
2023 3914 2432 4001 salutaribus
2477 3910 2648 3981 dila-

549 4014 801 4085 tionum
865 4013 1167 4081 remediis
1216 4006 1493 4097 exitiosa
1540 4011 1961 4103 praecipitata
2003 4019 2485 4087 communionis
2531 4031 2654 4076 ve-

556 4135 718 4184 nena
790 4107 917 4186 illis
966 4111 1195 4195 detis,
1242 4110 1315 4183 in
1377 4110 1634 4203 quibus
1700 4108 1855 4186 haec
1919 4136 2096 4192 verae
2164 4110 2649 4190 converflonie

556 4210 753 4312 signa
793 4233 946 4286 non
992 4207 1336 4292 videritis,
1377 4228 1538 4306 quae
1574 4204 1715 4285 sola
1744 4209 1899 4288 sunt
1954 4216 2044 4291 ab
2091 4216 2426 4294 omnium
2470 4228 2657 4294 tem-

561 4334 827 4411 porum
880 4308 1143 4386 Sandis
1189 4309 1427 4404 agnita
1463 4353 1485 4384 ‚
1520 4308 1596 4383 &
1643 4325 1944 4401 recepta.

662 4409 965 4490 Pravurn
992 4410 1260 4506 dogma
1280 4461 1301 4493 .
1338 4405 1540 4505 quod
1579 4406 1789 4485 libelli
1826 4413 2072 4492 auctor
2097 4411 2394 4493 infinuat
2433 4414 2524 4494 de
2549 4414 2659 4491 ati

563 4514 894 4592 tentione
923 4506 1011 4586 ad
1041 4507 1373 4585 malitiam
1414 4506 1747 4594 aetionis.
1776 4532 1989 4609 quam
2040 4513 2192 4591 vult
2236 4512 2372 4593 effe
2422 4513 2658 4593 ueces—
2803 4508 2810 4516 ’

565 4611 807 4690 sariam
837 4655 858 4691 2
890 4625 971 4688 ut
994 4623 1370 4706 peccatum
1392 4610 1784 4704 imputetur
1808 4663 1828 4694 ,
1857 4636 1989 4689 nos
2013 4614 2311 4712 impellit
2332 4664 2353 4699 ‚
2379 4630 2459 4694 ut
2501 4634 2662 4710 per·
2765 4626 2770 4631 '

572 4709 865 4791 niciosas
937 4730 1190 4785 omnes
1230 4702 1385 4812 ,falfi
1448 4705 1661 4806 huius
1722 4711 2049 4816 principii
2125 4714 2664 4809 consecutiones

571 4813 777 4893 vobis
834 4810 1249 4909 aperiamus·
1492 4816 1501 4824 ·

1636 4903 1847 4994 1i2
2356 4911 2572 4997 Error
2689 4980 2708 4989 -
