3175 5384
562 835 864 967 quibus
929 835 1162 944 Dog.
1192 834 1278 923 8ο
1324 774 1632 949 D'iscip·
1668 778 2297 933 confirmantur.
2374 788 2620 963 607*-

484 1011 742 1093 bilibus
780 1007 872 1087 de
897 1002 1116 1086 caulis
1148 1001 1574 1105 peculiarem
1614 1026 1750 1104 pro
1798 1003 1869 1084 se
1907 1003 2425 1088 Confess'arium
2451 1033 2582 1090 ex·

487 1125 834 1219 peterent.
2641 1208 2646 1213 -
2735 1158 2742 1165 -

589 1203 1021 1305 Huiusmodi
1058 1200 1318 1301 regulis
1347 1257 1371 1290 .
1400 1202 1474 1278 δι
1526 1203 1873 1301 exemplis
1921 1206 2239 1285 nostram
2292 1228 2603 1309 quoque

488 1312 747 1409 agendi
815 1310 1162 1385 rationem
1219 1303 1292 1378 in
1360 1301 1690 1399 spirituali
1761 1304 2194 1388 Monialium
2243 1308 2597 1409 regimine]

493 1409 953 1509 conformare
1010 1405 1414 1484 curavimus
1455 1426 1481 1498 ;
1528 1407 2072 1503 maximumque
2109 1406 2466 1488 utilitatis,
2520 1409 2601 1487 &

493 1512 752 1596 Quietis
824 1506 1128 1584 fructum
1174 1500 1336 1581 Nos
1403 1504 1572 1601 inde
1638 1504 2019 1605 percepisst
2082 1509 2605 1605 cognovimus.

492 1609 956 1709 Quapropter
996 1601 1421 1718 venerabiles
1467 1600 1740 1700 Fratres
1789 1604 2250 1691 Ecclefiarum
2308 1606 2604 1687 Antistia

494 1729 603 1793 tes
628 1766 651 1798 ,
692 1722 907 1805 atque
950 1704 1242 1783 dilectos
1309 1698 1531 1781 Filios
1574 1728 2164 1806 quarumcunque
2244 1707 2607 1806 religiosa-

452 1822 656 1890 ”rum
715 1806 1105 1897 Mulierum
1153 1800 1491 1881 Redorea
1538 1805 1614 1881 in
1668 1802 2046 1886 Domino,
2085 1809 2157 1884 δι
2195 1813 2406 1885 enixe
2439 1829 2605 1884 mo·

499 1932 792 2005 nemus,
824 1921 904 1985 ut
943 1904 1265 1983 eamdem
1307 1906 1536 1992 viam,
1565 1906 1807 2003 quoad
1845 1905 1992 1982 fieri
2040 1907 2313 2004 potest,
2342 1906 2612 1984 insiste-³

498 2033 577 2087 re
627 2029 777 2085 non
824 2005 1187 2091 recusent.
1221 2004 1294 2079 ἃ
1349 2025 1502 2081 nou
1542 2004 1726 2082 adeo
1776 2003 2092 2084 difficiles
2133 2008 2201 2084 se
2242 2010 2606 2105 praebeant

497 2106 979 2209 peculiaribus·
1019 2102 1455 2184 Mouialibus
1539 2107 2176 2186 extraordinarium
2238 2103 2609 2189 Confefl'a·

498 2210 684 2287 rium
734 2204 1116 2305 aliquando
1177 2205 1677 2299 expetentibus
1717 2227 1742 2300 ;
1806 2208 1980 2302 quin
2032 2210 2274 2301 potius
2314 2205 2435 2283 nili
2480 2218 2617 2285 aut

496 2304 840 2388 Monialis
890 2303 1308 2401 postulantis
1337 2350 1356 2380 ‚
1386 2318 1511 2383 ant
1557 2302 1973 2383 Confeffarii
2028 2306 2340 2406 requifiti
2380 2305 2612 2405 quali-¹

498 2428 604 2486 tas
647 2407 844 2484 aliter
900 2403 1301 2486 faciendum
1352 2402 1633 2481 suadeat
1663 2453 1684 2488 2
1730 2428 1970 2488 earum
2026 2407 2220 2503 iustis
2279 2407 2652 2504 precibus

496 2504 977 2586 obsecundare
1019 2504 1387 2595 studeant;
1423 2502 1590 2580 illud
1623 2507 2065 2601 cogitantes,
2112 2507 2316 2604 quod
2362 2504 2486 2581 etli
2527 2505 2616 2580 li-·

499 2609 751 2687 berum
795 2604 876 2683 fit
918 2603 1207 2682 cuilibet
1236 2602 1537 2680 Moniali
1571 2603 2017 2681 cardinalem
2059 2609 2405 2700 majorem
2444 2603 2613 2685 1²oe-

499 2708 979 2788 niteutiarium
1031 2704 1270 2790 adire,
1322 2705 1438 2778 cui
1477 2725 1555 2777 ea
1603 2706 1673 2779 in
1727 2727 1802 2779 re
1845 2703 2137 2783 facultas
2176 2704 2610 2783 cumulativa

500 2830 671 2887 cum
732 2807 1068 2884 omnibus
1102 2802 1430 2879 locorum
1463 2798 1858 2880 Ordiuariis
1895 2828 1934 2879 a
1980 2802 2320 2882 Romano
2362 2801 2611 2883 Ponti-

502 2906 638 2985 fico
681 2907 1069 2995 tribuitur;
1111 2901 1572 2978 nihilominus
1626 2925 1707 2978 ea
1746 2902 1845 2978 est
1891 2901 2275 3001 aliquando
2322 2900 2612 2980 neceffi·
2775 2976 2779 2980 .

504 3007 666 3083 tatis
729 3006 1093 3097 urgentia,
1135 3016 1219 3080 ut
1261 3002 1652 3081 remedium
1706 3057 1726 3087 ‚
1782 3002 1983 3096 quod
2041 3006 2132 3080 de
2191 3003 2622 3100 longinquo·

505 3104 897 3207 petendum
950 3102 1047 3179 est
1108 3157 1130 3191 ‚
1186 3124 1336 3176 non
1405 3100 1558 3177 satis
1625 3101 2035 3197 tempestive
2099 3103 2447 3180 adveniat.
2518 3097 2624 3203 Et,

506 3206 831 3303 quamvis
879 3203 1086 3278 etiam
1155 3200 1640 3298 quorumlibet
1689 3205 2149 3298 negotiorum
2209 3201 2612 3299 expeditio-

508 3327 677 3393 nes,
721 3326 880 3399 quae
916 3305 984 3377 in
1027 3299 1272 3385 officio
1319 3298 1864 3377 Poenitentiariae
1907 3298 2331 3397 Apostolicae
2377 3299 2613 3385 fiunt,
2680 3369 2684 3373 ,

508 3405 599 3480 ab
627 3406 830 3481 omni
874 3401 982 3478 vel
1026 3404 1312 3478 minima
1364 3404 1684 3498 pecuniae
1730 3400 2082 3478 solutione
2113 3402 2612 3480 inviolabiliter

507 3502 645 3580 fint
671 3506 1063 3596 immunes;
1099 3524 1248 3576 non
1285 3502 1621 3578 omnibus
1663 3518 1898 3577 tamen
1931 3502 2364 3580 Monialibus
2409 3500 2615 3579 facile

508 3604 607 3680 est
663 3604 975 3683 invenire
1030 3650 1047 3673 .
1093 3602 1216 3698 qui
1251 3622 1493 3677 earum
1541 3602 1832 3699 negotia
1876 3603 1947 3678 in
2003 3604 2178 3700 urbe
2225 3623 2613 3698 procurare

505 3704 723 3789 velit,
771 3704 842 3778 &
888 3699 1115 3803 poffit·
2505 3764 2516 3775 .

612 3798 772 3903 Jam
847 3824 1018 3876 vero
1089 3800 1440 3896 postrema
1506 3797 1807 3894 superest
1872 3799 2221 3897 quaestio.
2273 3799 2616 3875 nimirum

510 3892 605 3974 de
671 3886 1114 3996 qualitatibus
1193 3894 1605 3972 Conl'effarii
1667 3898 2196 3973 extraordinarii
2250 3952 2271 3982 ,
2328 3901 2451 3992 qui
2503 3896 2620 3976 vel

512 4020 649 4093 pro
697 3996 1003 4073 universa
1063 3992 1491 4073 Monialium
1546 4000 2114 4077 communitate,
2158 3995 2268 4070 vel
2305 4020 2446 4093 pro
2496 3996 2622 4072 ali.

517 4120 659 4197 qua
700 4094 1000 4174 Moniali
1053 4093 1491 4195 peculiariter
1518 4092 1838 4189 deputari
1874 4094 2148 4171 debeat·
2201 4092 2430 4170 Porro
2461 4080 2622 4172 niul-

512 4194 591 4277 lo
624 4219 938 4285 unquam
980 4210 1308 4291 tempore
1332 4193 1730 4272 dubitatum
1769 4193 1941 4280 fuit,
1967 4218 2052 4269 an
2098 4197 2168 4270 in
2209 4195 2624 4290 hujusmodi

492 4286 900 4375 ‘Sacerdote
945 4298 1160 4373 aetatis
1197 4295 1554 4371 maturitas
1588 4348 1609 4378 ,
1671 4316 1959 4372 morum
2010 4297 2370 4392 integritas
2399 4340 2416 4371 ‚
2449 4320 2624 4394 pru-

519 4398 778 4477 dentiae
831 4396 1071 4472 lumen
1122 4399 1550 4493 requiratur,
1594 4416 1766 4486 quas
1806 4396 2093 4488 quidem
2130 4398 2332 4472 dotes
2365 4400 2434 4472 in
2484 4419 2626 4484 en.

520 4499 644 4594 qui
684 4498 769 4574 ad
801 4494 1200 4588 huiusmodi
1237 4516 1491 4575 munus
1542 4494 1957 4578 adhibetur,
2001 4494 2396 4572 necessarias
2445 4492 2627 4579 effe.

522 4620 776 4675 omnes
809 4598 1135 4672 fatentur.
1191 4594 1388 4671 Sicut
1434 4596 1644 4669 etiam
1691 4599 1983 4671 minime
2017 4597 2414 4682 dubitatur,
2452 4599 2628 4690 quin

526 4699 716 4795 idem
761 4699 847 4772 ab
914 4693 1300 4774 Ordinatio
1365 4692 1510 4768 loci
1567 4692 1945 4787 specialiter
1996 4719 2130 4789 pro
2193 4694 2630 4777 Monialibua

531 4802 962 4899 approbatus
1006 4790 1141 4881 effe
1184 4792 1435 4876 debeat
1482 4847 1503 4876 ‚
1550 4815 1777 4889 quum
1827 4794 2234 4898 huiusmodi
2280 4798 2637 4896 approba·

1435 4891 1614 4992 Qq
1670 4912 1710 4992 3
2403 4902 2511 4981 tio
