3175 5384
432 682 435 687 ⁴
535 661 779 797 ‘Epistolsss
1110 682 1195 796 '107'

129 871 220 932 rum
242 844 491 932 vicariorum,
511 849 548 928 ἀ
567 873 740 949 congrue
756 849 1120 952 portionissrusluum
1141 854 1192 935 as-

128 952 375 1050 fignationem
393 999 403 1032 ‚
424 973 510 1030 cura
530 954 728 1030 animarum
749 952 946 1031 nullatenus
970 956 1193 1050 negligatutt

129 1053 285 1129 memini.
300 1050 420 1147 quoad
443 1048 518 1127 ltoc
544 1051 757 1148 privilegio,
777 1051 831 1128 vel
850 1059 1081 1146 exemptione
1104 1078 1194 1148 qua.

130 1172 285 1246 cunque
311 1145 523 1245 suffiagante
546 1199 620 1246 „„·
655 1148 744 1229 Haec
772 1151 917 1229 facultas
945 1154 980 1228 in
1009 1151 1191 1236 Vicsrium

133 1248 341 1350 generalem
368 1245 530 1347 Episcopi
557 1249 708 1332 tranlis,
735 1249 759 1327 si
786 1248 951 1345 Ecclesia,
975 1252 1191 1346 parochiales

128 1374 216 1429 mon
232 1346 300 1425 sint
323 1368 511 1448 exemptae.
536 1346 625 1428 Haec
644 1353 740 1429 enim
762 1348 987 1429 Vicariorum
1005 1352 1192 1445 deputatio
1306 1353 1310 1365 '

135 1449 411 1547 jureordinsrio
436 1448 609 1545 spedabat
638 1451 683 1527 ad
712 1449 928 1546 Episcopum
956 1467 1037 1527 ante
1057 1448 1193 1528 Conci·

127 1552 307 1629 liumsut
340 1550 480 1627 cunstat
502 1571 548 1626 ex
572 1569 652 1648 cup.
677 1555 758 1621 cen
778 1572 820 1621 ex
840 1574 901 1634 eo.
928 1548 961 1636 §-
995 1558 1115 1635 Porro.
1132 1554 1193 1628 tit.

126 1654 196 1727 ‚oe
219 1648 401 1733 titillant,
422 1655 459 1725 in
488 1647 600 1727 sexto.
643 1649 680 1726 Si
707 1673 792 1726 vero
826 1646 987 1727 Eccleliae
1012 1665 1190 1745 exemptae

126 1748 226 1828 Eut,
239 1747 384 1826 facultas
400 1748 457 1826 ills
479 1771 555 1827 noo
575 1747 697 1825 transit
712 1750 748 1825 in
766 1747 949 1825 Vicarium
972 1748 1042 1824 sine
1054 1747 1191 1842 speciali

136 1850 387 1946 delegatione;
409 1851 491 1944 quia
511 1870 557 1925 eo
574 1847 653 1926 cal'u
671 1848 764 1926 sacra
781 1848 948 1946 Synodus
973 1845 1191 1945 Episcopum

137 1970 245 2046 agere
278 1949 379 2043 jubet
412 1953 630 2044 truquestein
659 1950 720 2021 hac
749 1966 848 2044 parte
870 1974 890 2018 a
912 1952 990 2019 Sede
1018 1943 1192 2043 apostolice

126 2058 333 2141 :delegatum
916 2068 918 2073 ·

129 2206 139 2221 .
190 2145 257 2227 tv,
286 2145 480 2245 Episcopus
508 2140 700 2244 Regulsres
730 2161 830 2228 extra
852 2148 1103 2226 monasterium
1129 2147 1193 2224 de·'

125 2252 428 2349 :gentemquovis
444 2251 630 2345 privilegio
644 2255 824 2335 munitos,
843 2246 865 2323 st
881 2248 1091 2347 deliquerint
1113 2266 1193 2323 tan.

125 2372 249 2446 =quam
270 2348 369 2424 Sedis
390 2348 592 2444 apostoticae
612 2348 791 2442 delegatus
815 2347 965 2430 visitare,
991 2353 1135 2443 punire,
1152 2351 1191 2425 it

127 2453 322 2545 corrigere
352 2449 468 2544 potell
486 2491 497 2526 s
516 2471 563 2524 ex
575 2447 676 2526 Trid·
693 2449 861 2526 Concilio
895 2445 977 2536 Seis·
994 2470 1026 2540 ς.
1057 2471 1133 2542 cap.
1153 2467 1191 2536 3.

139 2548 355 2644 Haecporro
374 2547 519 2627 facultas
539 2553 574 2625 in
604 2546 784 2627 Vicarium
798 2548 999 2646 generalem
1026 2545 1192 2643 Episcopi
1230 2550 1234 2580 ³

139 2672 218 2727 nou
239 2647 516 2734 transfunditur,
542 2648 603 2726 nili
627 2648 761 2746 speciali
783 2650 953 2726 mandato
975 2648 1015 2724 lit
1045 2651 1091 2732 sb
1114 2649 1191 2738 ipso

139 2749 350 2848 delegatus;
377 2747 546 2846 liquidem
572 2751 649 2844 jure
669 2748 851 2839 ordinario
874 2767 969 2824 caret
1000 2745 1191 2842 Episcopus
1309 2812 1311 2814 ,

128 2848 209 2929 :hac
231 2848 438 2945 -potellate,
455 2871 535 2942 quae
559 2847 620 2947 ipss
644 2850 815 2925 convenit
846 2851 883 2924 io
903 2872 965 2923 eos
990 2847 1191 2928 duntaxat,

139 2954 215 3045 qul
232 2948 309 3027 uon
327 2947 407 3026 sunt
428 2955 606 3040 exempti,
627 2964 667 3026 ut
688 2948 870 3044 colligitur
892 2969 938 3023 ex
962 2971 1038 3046 cap.
1065 2946 1193 3042 Qan-

130 3068 199 3135 -so,
214 3047 250 3123 dt
266 3071 342 3145 cap.
363 3052 475 3136 Licet,
498 3046 616 3126 Extra·
640 3053 693 3119 De
709 3043 821 3137 Officio
843 3050 1026 3118 Ordinatio
1053 3046 1192 3141 Quam.

129 3152 268 3227 ,obrem
308 3146 514 3227 Concilium
543 3149 616 3225 hoc
649 3148 734 3226 loco
765 3172 841 3224 non
876 3149 985 3224 utitur
1010 3149 1193 3231 didiuue.

139 3254 269 3336 etiam,
291 3247 349 3326 sed
379 3249 471 3328 hanc
499 3249 710 3346 poteslatem
737 3249 860 3328 tribuit
883 3247 1083 3344 simpliciter
1110 3243 1194 3342 Epi·

137 3349 254 3446 scopo
275 3363 445 3445 tanquam
473 3348 571 3428 Sedis
593 3347 796 3442 apostolice
822 3345 1012 3443 Delegato·
1033 3403 1087 3442 „„
1117 3345 1195 3422 Ne·

139 3473 206 3527 mo
229 3447 384 3526 secularis
415 3448 573 3526 Clericus
595 3447 747 3546 cujusvis
770 3449 985 3546 personalis,
1004 3448 1058 3522 vel
1087 3450 1193 3541 regu'·
1226 3477 1231 3487 ¹
1363 3512 1365 3523 .

139 3551 219 3627 laris
246 3569 347 3627 extra
374 3550 626 3627 monasterium
657 3552 818 3645 degens,
840 3554 947 3624 etiam
970 3547 1018 3625 sui
1044 3545 1193 3625 Ordinis

133 3649 317 3749 privilegii
347 3668 522 3748 praetextu
554 3665 642 3728 tunc
675 3648 889 3735 censeatur,
922 3652 1141 3743 quominus,
1168 3644 1194 3724 st

140 3750 330 3845 deliquerit
352 3753 424 3834 ,ab
459 3748 653 3830 Ordinatio
673 3749 744 3827 loci
769 3767 938 3847 tanquam
958 3747 1058 3845 super
1083 3746 1195 3824 hoca

138 3849 234 3926 Sede
261 3849 452 3944 apostolica
473 3848 651 3947 Delegato
665 3897 675 3931 ,
691 3849 885 3926 secundum
907 3851 1095 3924 canonicas
1107 3844 1196 3927 Sane

139 3951 277 4027 ciioues
307 3948 455 4028 visitati,
480 3953 597 4046 puniri
614 3999 623 4027 ‚
640 3952 676 4026 δι
698 3951 829 4044 corrigi
852 3949 962 4024 valeat
989 4001 1056 4037 „‚,.

131 4098 152 4119 .-
193 4046 243 4130 V.
273 4046 464 4144 Episcopus
477 4053 512 4125 in
530 4048 680 4127 Ecclesia
697 4048 755 4123 sris
778 4046 928 4122 relidens
941 4044 986 4118 de
1008 4045 1198 4138 surreptio·
1302 4092 1305 4098 -

135 4147 266 4240 oen&
288 4148 652 4245 obreptiuuegratiae,
674 4169 753 4243 quae
770 4146 870 4239 super
887 4141 1106 4220 absolutione
1130 4166 1195 4238 pc·

129 4248 222 4330 mlici
239 4250 395 4324 criminis
418 4250 473 4324 sel
496 4250 609 4328 deliili
632 4296 642 4331 ,
669 4247 715 4324 de
744 4268 820 4339 quo
833 4237 1091 4341 ipseioquirere
1117 4265 1198 4318 coe·

130 4365 262 4447 perat,
276 4363 337 4425 aut
358 4346 555 4426 remillioue
574 4370 711 4448 poeuae,
724 4346 768 4420 ad
789 4369 897 4444 quam
925 4369 1003 4420 reus
1025 4364 1088 4439 per
1111 4362 1197 4418 eum

132 4449 403 4527 ¹condemnatus
430 4448 566 4532 suerat,
589 4446 675 4524 salsis
702 4447 864 4539 precibus
884 4449 1112 4541 impetratur.
1133 4463 1199 4517 co·

142 4548 315 4648 gnoscere
334 4550 450 4644 potest
470 4565 639 4643 tanquam
650 4548 748 4629 Sedis
779 4543 1200 4643 apostolicaedeiegnus,
1275 4607 1277 4610 Α

133 4652 192 4729 ‚ex
210 4648 381 4727 Concilio
402 4646 504 4729 Trid.
524 4644 597 4728 sels.
623 4663 678 4743 ¹3·
699 4669 777 4746 cap.
802 4662 835 4743 5.
855 4643 973 4739 Hujus
990 4664 1203 4729 tameucnu·

183 4747 292 4833 ‚ran
318 4749 363 4833 X
702 4741 741 4824 ll
985 4798 987 4806 ,
1097 4742 1156 4822 ⁴ss
