3175 5384
323 731 494 857 ¹quibus
506 732 621 851 Dog.
637 756 691 881 se
708 728 863 871 Dil'cip.
877 726 1193 837 mnfirmantur.
1220 741 1321 844 ..ede
1381 782 1394 803 ι

246 908 1316 1005 dete2solandimonie3utregnumelus.cuiomnialubdl·
1432 995 1436 1006 ,

249 1028 287 1092 ta
304 1011 409 1096 lunt,
429 1012 696 1111 quamprimum
723 1008 887 1100 adueniat
914 1029 925 1094 ε
948 1026 989 1086 ut
1006 1008 1171 1088 noluntas
1184 1012 1258 1109 ejus
1273 1018 1313 1090 in

248 1115 383 1194 nobis,
404 1109 492 1188 licut
517 1116 552 1185 in
574 1109 696 1192 coelo,
713 1109 761 1183 itn
792 1107 930 1198 leutur3
954 1109 991 1185 ἀ
1013 1127 1053 1187 ut
1070 1114 1168 1208 penis
1195 1114 1313 1191 noster

243 1212 481 1313 'quotidianus
495 1264 506 1296 ,
519 1210 614 1287 idest
627 1231 729 1297 ,·.nec
780 1212 889 1285 arium
901 1210 1084 1289 unimanus
1099 1263 1110 1294 ,
1127 1211 1163 1286 dr
1178 1232 1314 1313 corpo·

249 1311 565 1490 gouzalimentum
590 1310 665 1405 ejus
683 1306 909 1394 liberalitate,
935 1329 978 1386 ac
989 1307 1232 1389 munificentia
1242 1334 1313 1391 no-

230 1424 234 1431 '
277 1413 311 1490 lt·
359 1412 451 1487 etui-
719 1472 722 1477 .

251 1528 255 1535 ·
303 1504 626 1606 Quemadmodum
649 1528 737 1584 vero
757 1504 931 1605 supplices
942 1504 1060 1586 abillo
1075 1508 1312 1605 permutes-¹
1449 1544 1451 1549 ·

247 1620 318 1692 ila,
333 1615 462 1708 quibus
476 1608 696 1707 indigemus,
714 1628 900 1705 precamur
912 1609 1040 1695 etiem,
1053 1626 1092 1685 ut
1104 1632 1170 1686 nos
1183 1611 1310 1690 liberet

250 1710 399 1794 emam,
417 1729 495 1804 quae
508 1704 699 1783 formidate
716 1708 909 1789 debemuss
924 1705 1168 1795 obsecremus,
1188 1734 1309 1788 neun·

251 1832 362 1910 quam
386 1811 572 1884 tentationi
587 1810 818 1886 [occumbere
831 1829 898 1883 nos
915 1808 1117 1904 permittat,
1137 1809 1174 1884 de
1187 1827 1309 1888 utnon

252 1908 411 1986 libereta
430 1907 547 1989 malo,
563 1908 598 1982 itl
610 1907 713 1984 elisa
732 1922 906 2005 peccato,
927 1904 1028 2001 quod
1046 1928 1159 2003 unum
1183 1930 1309 1990 verum

252 2009 389 2088 malurn
412 2006 492 2094 eli,
527 2008 776 2102 malorumque
812 2004 924 2091 fons,
954 2007 992 2085 dc
1029 1988 1137 2102 origo
1160 2002 1309 2087 cfaetero-

251 2130 351 2193 tum,
367 2130 433 2185 nos
445 2110 480 2183 in
494 2124 705 2200 perpetuum
718 2125 859 2202 tempus
876 2104 1053 2183 defendat·
1062 2105 1216 2185 Donum
1229 2128 1311 2206 pet·

251 2208 452 2285 severantiae
481 2208 635 2301 ui'queiu
651 2205 759 2282 linem
787 2205 948 2281 liberatio
966 2205 1307 2308 illecompledlitur,

252 2304 1312 2504 scrstlssttststtuslsiniuratus·
1433 2300 1437 2311 “

251 2430 632 2585 niuneql'undendsnst
658 2511 723 2577 θαι
747 2527 819 2593 me,
841 2510 1009 2595 Domine,
1030 2508 1100 2578 teis
1111 2505 1236 2602 semper
1255 2517 1312 2582 in.

252 2607 373 2682 berete
384 2612 574 2693 mandatis,
597 2611 640 2680 el
652 2630 672 2674 a
683 2623 717 2677 te
728 2605 1045 2701 nunqeenefepmri
1054 2610 1240 2696 permittes.

307 2703 373 2785 Hit
391 2710 426 2783 in
443 2705 754 2804 supplicationibus
766 2703 896 2786 Oriens
910 2729 994 2785 cum
1004 2703 1208 2785 Occidente
1220 2718 1307 2785 c'on·
1323 2702 1427 2777 Petras
1457 2690 1459 2694 ’

254 2809 403 2893 cordat,
422 2806 620 2905 decemque
639 2861 649 2893 ,
671 2806 708 2881 de
721 2807 873 2902 amplius
893 2810 1090 2904 praeteriere
1105 2805 1240 2900 secula,
1262 2828 1310 2886 err
1324 2778 1479 2927 32⁸an
1488 2808 1492 2816 ’

244 2928 332 3000 'ouo
343 2902 464 3004 gritiae
485 2904 695 2983 Defensores
708 2906 801 2985 hanc
812 2911 1012 2985 orationem
1025 2907 1253 3006 protulerunt
1264 2930 1311 2987 ex
1324 2933 1445 2999 deceat

253 3000 801 3102 liturgiaS··llafilioadscriptaz
828 3012 1308 3107 Dominent'rttettnn‚residos⁸
1324 3012 1499 3105 chelmad

255 3118 453 3204 qualemn,
470 3104 565 3178 bonos
576 3103 685 3197 facito
700 3161 710 3193 ‚
723 3104 821 3183 bonos
831 3110 866 3178 in
879 3104 1026 3195 bonitm
1040 3100 1220 3199 conserve,
1243 3136 1311 3183 ont.
1326 3089 1510 3171 Sdulges,

256 3213 313 3280 tria
329 3229 416 3278 enim
437 3225 554 3301 potet,
579 3212 622 3281 d*
651 3231 712 3277 non
737 3206 780 3286 ed
799 3257 810 3293 ,
829 3214 887 3305 qui
912 3206 1220 3302 contradicat-riba
1239 3234 1314 3285 te·

255 3311 343 3380 eninr
352 3304 636 3395 vnleeeirsrlver,
657 3311 698 3381 cl*
709 3310 812 3379 aulus
827 3306 943 3398 refistit
955 3310 1124 3387 voluntati
1139 3332 1214 3382 ree.

305 3405 393 3486 Haec
412 3409 540 3485 divinae
553 3409 790 3487 voluntatisin
803 3414 907 3487 nobit
919 3434 1071 3507 operans
1083 3414 1315 3509 omnipoten-

255 3507 303 3588 lia
316 3557 328 3591 ,
342 3512 440 3587 illam
458 3509 612 3586 lactificii
637 3515 840 3589 orationem
854 3516 993 3608 pariter
1013 3513 1189 3607 inspiravit
1204 3535 1213 3583 :
1231 3519 1313 3584 Ne.

253 3606 337 3688 lires
357 3610 607 3679 etiem-rebelles
631 3615 672 3683 ad
696 3630 729 3681 te
756 3615 903 3700 compelle
922 3618 1088 3707 propitius
1114 3618 1314 3789 carmentes·

257 3704 348 3784 Non
365 3708 465 3805 quod
484 3710 733 3787 iull'illcemut.
757 3711 976 3801 &salsentur
989 3714 1112 3798 inviti,
1173 3714 1195 3787 d
1211 3711 1312 3811 quod

254 3805 359 3886 Deus
375 3810 574 3886 voluntates
589 3812 723 3888 noll-tas
733 3832 779 3887 ex
789 3814 973 3889 rebellibus
989 3813 1139 3890 subditas
1151 3867 1161 3898 ,
1175 3814 1210 3887 dr
1224 3817 1311 3888 obe·

256 3910 395 3985 dientes
414 3910 544 3993 fatiat,
564 3915 599 3986 in
618 3911 752 4009 illilque
772 3935 932 3987 amorem
966 3913 1073 3998 boni,
1099 3912 1199 4006 quod
1213 3915 1309 4006 prius

259 4006 433 4093 oderent.
447 4029 626 4109 operetur·
640 4008 681 4087 Et
693 4017 780 4087 dum
795 4013 839 4084 de
853 4012 947 4086 malo
959 4026 1072 4088 nrntat
1084 4011 1309 4088 uoluntatem

255 4109 296 4184 in
319 4111 455 4186 bonum
478 4166 487 4195 ,
520 4113 704 4197 transfert,
728 4111 875 4208 dirigit,
894 4108 1051 4207 perficit,
1066 4132 1143 4186 non
1169 4112 1308 4198 aufert,

256 4209 314 4286 vel
329 4230 429 4306 cogit
451 4210 670 4292 libertatem,
685 4225 726 4287 ut
743 4213 903 4307 loquitur
924 4210 958 4287 S.
976 4208 1183 4287 Bernardus·
1208 4205 1309 4289 Grel·
1324 4217 1352 4284 S.
1366 4218 1430 4289 Ber.
1442 4218 1500 4299 liu:

258 4306 315 4385 lus
329 4308 486 4385 hominis
502 4309 683 4387 Dominus
701 4314 822 4408 dirigit
836 4359 846 4388 2
858 4309 1046 4398 iaciendo,
1063 4327 1104 4386 ut
1132 4312 1226 4386 siaiu
1236 4316 1311 4408 ejus
1323 4298 1473 4440 gellium

256 4407 364 4485 libere
376 4411 480 4490 ineat,
510 4416 608 4503 Apud
624 4417 804 4482 Dominum
811 4407 934 4505 greffus
948 4403 1089 4482 bominis
1102 4410 1284 4507 ditigeneue
1297 4466 1308 4501 ,
1323 4471 1349 4515 α
1365 4423 1414 4515 n·
1424 4378 1487 4451 ω’

258 4510 408 4579 &viam
422 4508 492 4600 ejus
507 4514 610 4581 volet·
637 4508 736 4588 Deus
751 4512 795 4587 ad
817 4512 849 4585 le
868 4511 974 4587 trahit
988 4513 1164 4598 onmem,
1183 4512 1313 4589 facien·
1325 4524 1365 4596 i‘c
1381 4498 1426 4609 ,ἑ
1445 4514 1503 4624 2ss

260 4607 314 4685 do
343 4628 384 4687 ut
399 4612 596 4687 trahentem
618 4611 1162 4710 liberrimaeledioneiequatur·
1210 4639 1216 4651 ·
1441 4632 1445 4637 ·

311 4708 435 4787 Nemo
457 4715 565 4810 igitur
578 4710 640 4790 libi
659 4710 793 4809 fingat,
816 4707 969 4791 efficacis
986 4709 1311 4812 gritiaehumanaut

256 4805 357 4894 Tem,
382 4813 429 4882 X.
731 4811 811 4891 Aa
1196 4814 1261 4891 de·
