3175 5384
666 876 968 997 quibus
1002 880 1249 991 Dog.
1298 879 1382 967 Sc
1441 868 1748 992 Discip.
1800 871 2423 974 confirmantur.
2479 892 2647 986 σος

535 1066 618 1132 ut
655 1076 822 1131 cum
866 1051 1209 1146 aliquibus
1248 1049 1653 1148 Episcopis,
1707 1062 1829 1126 aut
1872 1049 2304 1146 regularibus
2352 1051 2639 1134 Monia-

539 1154 713 1229 lium
747 1155 1242 1247 Superioribus
1265 1172 1473 1246 agere
1500 1152 1972 1227 debuerimus.
2007 1151 2232 1229 Porro
2260 1155 2330 1227 in
2362 1155 2638 1253 aliquos

536 1274 628 1328 ex
670 1256 745 1327 iis
787 1251 1162 1329 incidimus
1215 1251 1368 1343 plus
1409 1252 1633 1324 nimio
1674 1249 1945 1325 severos
1971 1305 1992 1335 ,
2040 1254 2163 1346 qui
2185 1250 2415 1345 aspera
2464 1277 2640 1352 qua·

534 1353 696 1427 dam
746 1356 1127 1426 verborum
1177 1352 1514 1425 brevitate
1553 1349 2117 1438 respondebant3
2161 1351 2364 1448 quod
2409 1376 2634 1448 quum

532 1450 839 1527 Moniali
863 1450 1240 1543 postulanti
1282 1450 1489 1524 libera
1531 1445 1760 1525 suiffet
1782 1446 2068 1525 facultas
2091 1449 2480 1528 confitendi
2503 1474 2633 1530 ex..

530 1554 996 1628 traordinario
1062 1549 1501 1661 Sacerdoti3
1553 1551 1677 1645 qui
1743 1548 2074 1625 universae
2128 1553 2632 1629 communitati

527 1673 680 1725 non
723 1647 928 1726 semel
997 1673 1088 1722 eo
1130 1670 1323 1725 anno
1370 1649 1510 1743 jam
1549 1648 1751 1724 datus
1801 1648 2069 1726 luerat,
2113 1660 2290 1726 tunc
2336 1666 2629 1748 oporte·
2707 1703 2726 1716 ,

526 1751 649 1826 bat
687 1773 838 1826 eam
887 1747 1333 1826 conscientiae
1371 1747 1505 1823 suae
1544 1745 1960 1824 consuluiffe
1993 1767 2016 1837 3
2061 1749 2262 1845 quod
2315 1750 2360 1826 ii
2392 1750 2627 1830 oblata

527 1847 1050 1926 commoditate
1075 1850 1174 1924 uti
1222 1848 1584 1933 noluerat,
1633 1844 1704 1922 id
1752 1844 1872 1922 fibi
1922 1850 2342 1944 imputaret,
2390 1872 2626 1947 neque

528 1946 860 2046 ‘pergeret
910 1947 1267 2043 Superiori
1310 1946 1698 2022 molestiam
1753 1944 1999 2023 afferre
2034 2004 2055 2034 ,
2089 1962 2170 2024 ut
2200 1949 2624 2046 peculiarem

524 2044 1037 2126 Conl'effarium
1081 2061 1279 2123 extra
1350 2045 1675 2123 ordinem
1713 2046 1837 2142 ipsi
1887 2048 2336 2126 concederet.
2387 2048 2623 2126 Nobis

520 2169 757 2225 autem
808 2150 1307 2241 objicientibus
1337 2189 1356 2221 2
1401 2146 1794 2224 Monialem
1847 2144 2249 2241 huiusmodi
2295 2149 2386 2225 ad
2426 2152 2627 2244 Apo·

518 2249 783 2325 stolicae
827 2248 1361 2342 poenitentiariae
1416 2241 1738 2323 officium
1773 2243 1996 2322 ‘facile
2030 2247 2382 2325 recursum
2423 2248 2623 2325 habi-

522 2366 755 2425 turam
778 2402 799 2433 ,
837 2351 1077 2442 ibique
1114 2344 1298 2425 haud
1331 2369 1516 2443 aegre
1568 2348 2104 2443 impetraturam
2145 2347 2215 2423 id
2243 2395 2260 2423 ‚
2299 2348 2499 2443 quod
2525 2352 2617 2426 ab

515 2446 678 2543 ipsis
718 2446 1208 2543 Superioribus
1248 2449 1309 2521 ei
1356 2446 1789 2541 denegatum
1831 2442 2387 2536 fuisset3iterum
2435 2471 2617 2525 con.

511 2549 771 2624 stanter
839 2546 1354 2644 respondebant
1406 2592 1427 2627 ‚
1500 2543 2131 2620 extraordinarium
2204 2545 2614 2643 hujusmodi

514 2642 1028 2723 Confeffarium
1130 2647 1233 2719 ost
1272 2642 1633 2741 impletam
1676 2647 1765 2722 ab
1804 2642 1959 2739 ipfis
1990 2665 2155 2742 erga
2209 2648 2609 2725 universum

512 2746 1017 2823 monasterium
1135 2743 1459 2819 ridentini
1492 2742 1796 2820 Concilii
1845 2743 2076 2840 legem
2110 2799 2130 2830 .
2173 2746 2261 2821 ab
2279 2742 2414 2821 alio
2450 2749 2610 2845 qui·
2647 2808 2654 2815 .

508 2844 676 2924 dem
713 2844 1017 2922 concedi
1044 2840 1237 2939 posse
1264 2895 1283 2920 .
1323 2842 1494 2918 seda
1537 2841 1602 2917 se
1642 2867 2004 2937 nunquam
2054 2841 2459 2921 concessum
2502 2848 2603 2925 iri.

615 2946 705 3020 At
745 2967 913 3019 vero
955 2966 1186 3037 neque
1230 2956 1403 3019 tunc
1439 2944 1643 3018 nobis
1689 2942 2030 3018 arridebat
2081 2997 2102 3029 ‚
2154 2968 2385 3040 neque
2437 2967 2608 3040 pro·

514 3041 704 3118 festo
752 3065 948 3119 nunc
991 3044 1200 3117 nobis
1256 3041 1488 3137 placet
1551 3042 1776 3138 rigida
1839 3040 2072 3115 isshaec
2109 3046 2362 3139 agendi
2399 3049 2602 3121 ratio.

507 3139 905 3219 Persuasum
927 3142 1112 3216 enim
1147 3139 1573 3217 habebamus
1604 3195 1622 3222 .
1646 3138 2024 3236 adhucque
2053 3140 2389 3220 habemus
2415 3194 2428 3215 ‚
2454 3164 2630 3221 non·

501 3241 733 3318 solum
779 3244 1067 3336 integrae
1111 3243 1656 3321 communitati,
1688 3239 1799 3315 sed
1852 3239 2130 3334 singulis
2170 3246 2382 3319 etiam
2432 3241 2603 3321 Mo·

508 3342 803 3417 nialibus
844 3340 1361 3434 indulgendum
1395 3336 1527 3416 effe
1569 3342 1641 3415 in
1687 3343 1765 3414 iis
1819 3341 2024 3415 rebus
2053 3386 2070 3411 2
2097 3364 2256 3437 quae
2285 3343 2495 3440 juste,
2523 3344 2601 3420 &

506 3440 1010 3518 rationabiliter
1051 3457 1390 3538 petuntur
1414 3496 1431 3519 .
1462 3442 1770 3527 maxime
1800 3461 2021 3535 quum
2055 3439 2184 3517 illae
2213 3441 2301 3517 ad
2353 3466 2595 3520 earum

504 3542 950 3616 conscientiae
987 3544 1295 3636 quietem
1328 3590 1347 3623 ‚
1393 3540 1463 3614 δι
1506 3538 1942 3616 securitatem
1980 3540 2305 3617 conferre
2332 3541 2597 3640 digno-

499 3638 808 3717 scuntur.
870 3638 1128 3738 Neque
1168 3640 1322 3715 sane
1374 3638 1774 3732 hujusmodi
1840 3638 2343 3737 postulationes
2396 3697 2418 3729 ,
2470 3658 2598 3722 aut

500 3755 768 3816 temere
801 3741 1115 3816 exaudiri
1165 3787 1185 3816 ‚
1220 3754 1341 3816 aut
1388 3737 1529 3815 fine
1574 3739 1771 3815 causa
1828 3742 2013 3829 rejici
2051 3741 2306 3818 debere
2359 3742 2593 3817 cense-

499 3860 699 3923 muzg
733 3837 844 3914 sed
890 3840 1389 3935 inquirendum
1428 3845 1497 3913 in
1529 3842 1766 3930 primis
1817 3837 1950 3913 effe
1999 3838 2089 3914 de
2138 3840 2587 3934 qualitatibue

497 3950 655 4013 tum
681 3936 1013 4012 Monialis
1042 3980 1063 4011 ‚
1104 3960 1265 4029 quae
1301 3935 1811 4014 Confeffarium
1856 3954 2049 4011 extra
2107 3940 2430 4014 ordinem
2464 3962 2587 4034 pe·

499 4040 626 4117 tit.
662 4052 817 4112 tum
844 4032 1250 4112 Conseffarii
1276 4083 1295 4115 ‚
1319 4039 1441 4127 qui
1470 4037 1556 4108 ab
1600 4030 1673 4108 e'a
1703 4038 2222 4125 requiriturzut
2274 4038 2582 4135 utrisque

499 4135 870 4233 diligenter
913 4132 1269 4219 inspectis,
1317 4133 1678 4208 deliberari
1720 4130 1971 4229 poffit,
2035 4156 2123 4207 an
2162 4135 2340 4210 illius
2394 4141 2579 4213 votis

492 4235 951 4313 annuendum
981 4231 1059 4308 fit
1084 4255 1211 4326 ,an
1260 4254 1409 4309 non
1438 4230 1526 4319 ;{i
1553 4234 1741 4306 enim
1776 4231 2105 4307 Monialis
2141 4254 2233 4309 ex
2257 4258 2391 4311 una
2426 4225 2583 4332 par·

493 4348 568 4412 te
619 4334 891 4413 nullum
943 4324 1062 4408 det
1100 4331 1398 4409 adversae
1447 4329 1850 4425 suspicionis
1892 4332 2133 4408 lo‘cum
2161 4389 2180 4416 .
2225 4356 2317 4411 ex
2367 4334 2577 4412 altera

494 4456 668 4512 vero
693 4428 1161 4514 Confeffarius
1209 4453 1360 4507 non
1399 4431 1629 4508 modo
1663 4429 2046 4527 legitimam
2077 4429 2428 4510 Ordinarii
2453 4456 2576 4534 ap·
2729 4500 2733 4505 .

492 4537 992 4629 probationem
1046 4588 1067 4620 ,
1110 4530 1222 4609 sed
1262 4533 1469 4609 etiam
1525 4552 1916 4609 commune
1973 4534 2339 4627 probitatis
2390 4535 2577 4612 testi·

488 4639 823 4712 monium
867 4656 1003 4728 pro
1046 4631 1111 4707 se
1158 4628 1457 4719 habeat}
1495 4630 1697 4709 nullo
1740 4632 1968 4707 modo
2011 4635 2309 4727 probare
2334 4630 2575 4731 poffu.

485 4756 647 4810 mus
679 4750 822 4809 tam
853 4732 1136 4811 firmum
1160 4730 1562 4825 hujusmodi
1593 4729 2043 4808 Praelatorum
2094 4735 2164 4809 in
2198 4736 2569 4812 renuendo

488 4832 987 4933 propositum
1018 4854 1150 4911 nec
1173 4830 1642 5029 ἰηῑοΙΙίεἰᾶιιέ
1654 4878 1674 4910 ‚
1692 4853 1838 5003 2cur
1868 4833 2025 4926 post
2053 4831 2568 4913 Confeffarium

2399 4957 2519 5012 ex·
